3234 4992
1278 238 1759 295 emmau-ns.
2610 237 2733 305 169

295 428 539 506 stadim
579 428 832 511 ,iustitia
875 423 1276 512 (δικαιοσύνη)
1331 430 1428 493 est
1472 446 1535 493 m
1553 445 1587 492 e
1605 431 1635 492 t
1653 446 1690 493 a
1707 475 1723 508 ‚
1785 427 1867 493 ad
1924 444 2113 511 quam
2173 443 2391 491 omnes
2452 428 2723 503 currunt,

297 530 412 596 sed
459 529 658 595 simul
721 530 820 594 est
874 527 1064 593 etiam
1129 529 1578 615 praemium
1638 528 2011 595 certaminis.
2054 564 2142 577 --
2193 526 2284 593 Ut
2324 545 2371 593 s.
2418 526 2731 611 apostolus

295 631 755 697 discrimen
797 630 961 695 inter
1003 630 1546 697 christianam
1584 630 1902 714 justitiam
1946 632 2011 694 et
2053 627 2495 695 Judaicam
2554 644 2730 711 prae-

292 732 522 819 primis
593 731 878 797 accurate
953 731 1314 817 designaret
1329 780 1345 811 ,
1422 732 1794 797 sententiam
1860 730 2045 796 modo
2112 747 2361 812 prorsus
2426 728 2727 813 singulari

294 833 629 917 exprimit,
697 833 849 898 dum
909 833 1092 898 dicit:
1149 833 1480 899 Gentile
1501 852 1564 913 s,
1628 833 1735 916 qui
1791 832 2083 899 incuriosi
2138 834 2315 899 orant
2372 830 2728 897 certaminis

294 938 360 999 et
403 952 648 1015 cursuS,
697 935 971 1001 assecuti
1029 939 1176 1001 sunt
1233 953 1427 1019 prae
1447 936 1690 1001 mium
1752 934 2137 1013 certaminis;
2199 932 2244 999 J
2263 953 2302 997 11
2324 931 2507 998 daei
2564 950 2726 1012 vero,

295 1036 408 1119 qui
453 1036 522 1101 in
569 1036 678 1101 illo
722 1036 1064 1102 certamine
1119 1039 1182 1101 et
1239 1055 1423 1103 cursu
1476 1036 1861 1117 laborabant,
1906 1036 2177 1121 praemio
2222 1034 2595 1099 exciderunt.
2647 1070 2724 1081 —-

290 1134 522 1216 διώκω,
587 1157 628 1221 p
649 1155 1070 1219 ersequor;
1134 1138 1402 1221 tropice:
1461 1156 1690 1224 magno
1754 1138 1961 1205 studio
2018 1155 2256 1221 sequor,
2310 1134 2549 1213 studeo,
2594 1136 2727 1201 stu-

294 1240 519 1305 diosus
565 1257 724 1304 sum.
773 1276 850 1285 —
901 1242 1048 1319 ἔθνη
1093 1240 1329 1325 absque
1371 1241 1632 1305 articulo
1676 1239 1735 1305 h.
1763 1240 1803 1306 1.
1840 1243 1939 1305 est
1980 1238 2367 1324 generice
2410 1236 2725 1321 positum:

284 1339 677 1425 gentiles
722 1340 1149 1421 universe,
1195 1341 1288 1406 uti
1332 1342 1689 1426 oppositum
1727 1338 1988 1423 Ἰσραήλ.
2043 1378 2110 1389 -
2173 1338 2248 1402 τά
2309 1337 2392 1421 μῆ
2440 1335 2730 1401 διώκοντα

287 1445 533 1504 δικαιοσ
543 1438 701 1522 imp,
743 1441 783 1506 i.
831 1461 882 1507 9.
929 1442 1210 1526 gentiles,
1257 1443 1363 1527 qui
1398 1442 1685 1526 justitiae
1729 1442 2143 1526 assequendae
2186 1459 2308 1509 non
2366 1439 2720 1519 studebant,

293 1543 435 1609 scil.
494 1543 919 1627 implenda
961 1543 1144 1628 lege
1189 1548 1563 1622 externa,
1625 1564 1817 1628 quum
1879 1544 2071 1609 talem
2116 1561 2238 1609 non
2282 1542 2598 1608 haberent.
2648 1576 2722 1589 «-

286 1644 637 1726 δικαιοσύνη
685 1646 748 1707 ἐκ
789 1648 1059 1721 πίστεως,
1096 1645 1362 1729 justitia,
1422 1664 1578 1729 quae
1636 1646 1975 1729 percipitur
2031 1664 2141 1728 per
2198 1644 2385 1709 fidem
2442 1643 2507 1708 in
2552 1641 2727 1708 Chri-

287 1751 504 1827 stum,
573 1766 602 1812 s
623 1766 715 1813 eu
773 1746 1022 1830 justitia
1043 1797 1058 1825 ‚
1122 1766 1311 1830 quam
1389 1748 1559 1814 Deus
1628 1747 1844 1830 cuique
1910 1746 2181 1812 credenti
2247 1744 2470 1810 tribuit
2532 1744 2726 1829 gratis

283 1850 463 1935 (coll.
534 1850 594 1928 3,
639 1848 790 1932 22).
880 1848 955 1912 In
1001 1848 1352 1914 Christo
1419 1850 1717 1915 nimirum
1788 1848 2003 1932 aperta
2068 1851 2165 1912 est
2229 1847 2395 1912 alia
2456 1846 2584 1911 via
2648 1846 2724 1911 ad

282 1951 614 2037 justitiam
659 1950 1113 2031 assequendam
1157 1950 1536 2029 hominibus,
1593 1951 1725 2015 via
1768 1948 2016 2025 fidei3
2074 1948 2230 2013 fides
2290 1948 2356 2013 in
2402 1945 2725 2013 Christum

289 2054 555 2139 ejusque
601 2067 756 2134 opus
802 2050 1249 2134 redemptionis
1295 2055 1390 2116 est
1435 2052 1912 2117 fundamentum
1950 2054 2013 2116 et
2046 2050 2215 2115 radix
2248 2048 2441 2115 totius
2478 2048 2721 2115 salutis.

503 2152 580 2218 V.
622 2153 726 2217 31.
793 2150 1042 2231 „Isra'cl
1081 2174 1243 2232 vcro,
1293 2152 1539 2217 studens
1581 2152 1702 2237 leqi
1724 2153 2045 2243 justitiae,
2100 2150 2188 2215 ad
2230 2150 2413 2236 lcqcm
2438 2150 2726 2241 jmtitiac

282 2276 414 2319 non
447 2254 794 2339 pervenit.“
839 2291 908 2300 —
966 2253 1172 2319 Verba
1228 2252 1416 2334 νόμον
1477 2252 1851 2336 δικαιοσύνης
1908 2254 2110 2337 prima
2165 2253 2299 2317 vice
2355 2252 2559 2336 posita
2612 2269 2721 2335 pro

283 2352 670 2436 δικαοιούνην
695 2349 900 2435 νόμον,
944 2354 1350 2439 intelligenda
1387 2358 1533 2420 sunt
1578 2355 1653 2420 119
1682 2354 1947 2439 justitia,
1992 2374 2179 2438 quam
2226 2355 2349 2419 lex
2391 2352 2723 2419 Mosaica

282 2456 476 2521 docet
519 2459 584 2520 et
611 2456 928 2539 postulat;
973 2458 1170 2521 altera
1213 2456 1423 2521 autem
1468 2456 1601 2521 vice
1638 2455 1829 2521 verba
1864 2456 1972 2522 illa
2003 2457 2298 2522 denotant
2334 2454 2721 2539 justitiam

284 2556 895 2641 evangelicam,
942 2575 1100 2641 quae
1143 2575 1180 2622 a
1204 2558 1336 2622 Deo
1383 2558 1602 2641 cuique
1646 2558 1919 2623 credenti
1963 2558 2028 2623 in
2062 2556 2383 2623 Christum
2430 2555 2723 2622 tribuitur

285 2657 528 2743 gratis;
589 2675 736 2742 ergo
779 2658 953 2723 illam
970 2708 986 2736 ‚
1050 2676 1205 2741 quae
1251 2657 1332 2723 ab
1379 2659 1660 2742 apostolo
1704 2659 1791 2742 (3,
1837 2658 1970 2744 22.)
2020 2663 2269 2725 vocatur
2302 2656 2553 2742 justitia
2596 2657 2715 2723 Dei

280 2779 401 2845 per
444 2758 637 2825 fidem
678 2759 724 2825 J
727 2778 837 2825 esu
883 2758 1133 2825 Christi.
1221 2759 1351 2824 Alii
1405 2762 1577 2845 (cum
1635 2760 1888 2844 Estio)
1934 2764 2190 2844 utraque
2234 2762 2370 2825 vice
2426 2760 2505 2825 le
2528 2779 2572 2842 g
2595 2778 2628 2825 e
2652 2778 2715 2825 m

275 2861 682 2946 justitiae
741 2860 1104 2945 simpliciter
1164 2865 1422 2927 sumunt
1461 2879 1573 2946 pro
1622 2862 2004 2945 justitia3
2070 2881 2225 2946 quae
2270 2861 2594 2945 explicatio
2638 2861 2715 2927 ob

289 2982 476 3028 suam
523 2962 993 3045 simplicitatem
1035 2961 1328 3045 praeferri
1368 2962 1629 3028 videtur.

496 3062 572 3129 V.
603 3063 701 3131 32.
748 3062 1050 3142 „Qum-e?
1092 3064 1242 3150 quia
1272 3084 1394 3128 non
1431 3063 1678 3149 coefide,
1720 3063 1827 3127 sod
1856 3063 2038 3149 quasi
2064 3084 2141 3129 σω
2182 3060 2463 3149 operibus
2498 3060 2716 3147 leqis;“

281 3166 323 3229 i.
353 3184 410 3229 e.
457 3182 646 3247 quare
698 3163 1016 3230 Israelitae
1061 3165 1237 3230 illam
1275 3183 1484 3230 veram
1522 3165 1836 3249 justitiam
1880 3182 2003 3230 non
2048 3168 2195 3230 sunt
2236 3162 2497 3246 adepti?
2557 3161 2717 3243 Quia

281 3265 663 3330 studuerunt
693 3282 832 3331 eam
879 3265 998 3331 sibi
1034 3284 1389 3349 comparare
1433 3284 1555 3331 non
1592 3286 1664 3330 ex
1707 3265 1886 3345 fide,
1934 3266 2043 3331 sed
2076 3265 2255 3349 quasi
2292 3283 2365 3329 ex
2394 3264 2712 3348 praestitis

286 3366 450 3451 legis
495 3365 866 3450 (Mosaicae)
914 3384 1059 3451 ope
1079 3368 1307 3432 ribus
1360 3368 1470 3433 illa
1510 3367 1731 3432 haberi
1773 3367 2097 3452 potuisset.
2142 3403 2227 3417 -
2268 3366 2586 3432 Particula
2629 3388 2715 3437 ως

284 3466 584 3552 (quasi)
627 3466 885 3534 inservit
946 3468 1361 3551 designandae
1419 3470 1798 3553 opinioni
1855 3469 2418 3555 subjectivae,
2483 3467 2713 3534 Judaei

284 3568 600 3654 putabant
654 3569 804 3634 solis
865 3569 1127 3634 externis
1179 3570 1338 3653 legis
1399 3571 1685 3655 operibus
1730 3590 1941 3638 veram
1992 3571 2309 3656 justitiam
2368 3570 2712 3654 comparari

280 3687 492 3755 posse,
553 3668 663 3734 sed
706 3687 818 3752 per
858 3669 1013 3734 haec
1058 3688 1244 3754 opera
1285 3670 1477 3737 finem
1522 3673 1889 3757 (justitiam)
1933 3692 2053 3739 non
2100 3675 2247 3738 sunt
2289 3672 2595 3750 assecuti3
2656 3671 2711 3737 si

282 3790 359 3835 ex
421 3769 544 3834 fide
593 3769 768 3835 illam
833 3769 1092 3853 adipisci
1152 3771 1569 3851 studuissent,
1633 3775 1785 3838 haec
1829 3774 2037 3858 (fides)
2100 3791 2205 3839 eos
2264 3773 2341 3837 ad
2388 3771 2705 3838 Christum

283 3871 586 3949 duxisset,
633 3875 818 3955 atque
865 3872 933 3936 in
991 3889 1061 3938 eo
1111 3892 1316 3939 veram
1352 3874 1671 3958 justitiam
1717 3875 1983 3939 assecuti
2025 3875 2309 3941 fuissent.
2396 3873 2593 3958 Atqui
2640 3875 2707 3940 in

283 3971 585 4057 superbia
627 3989 739 4037 sua
790 3972 1172 4039 offenderunt
1221 3974 1287 4040 111
1331 3973 1684 4054 Christum,
1742 3976 1837 4040 uti
1882 3976 2002 4041 ait:
2061 3974 2510 4063 „Qffendcrunt
2551 3974 2710 4039 enim

275 4076 348 4139 in
393 4072 667 4160 lapidem
711 4072 1120 4160 qffcmionis.“
1182 4075 1409 4142 Verbis
1471 4077 1569 4142 his
1627 4096 1768 4142 cau
1790 4096 1818 4141 s
1844 4095 1958 4144 am
2016 4078 2267 4162 subjicit
2308 4076 2479 4160 ejus,
2545 4076 2707 4159 quod

277 4174 475 4242 dixit:
534 4175 855 4241 Israelitas
909 4194 1058 4241 non
1125 4196 1214 4241 ex
1264 4176 1303 4241 f
1315 4178 1393 4242 id
1416 4198 1449 4243 9
1506 4180 1886 4262 quaesivisse
1923 4179 2266 4264 justitiam;
2320 4196 2496 4243 nam
2540 4175 2705 4262 (γὰρ)

276 4276 672 4343 offenderunt
716 4326 730 4342 .
777 4326 792 4342 .
841 4326 854 4342 .
901 4313 987 4325 —
1028 4280 1206 4352 λίθος
1248 4277 1734 4362 προσκόμματος,
1794 4280 2017 4365 lapis
2063 4280 2564 4347 offensionis
2608 4282 2705 4345 est

279 4377 670 4444 Christus
714 4378 791 4445 ab
845 4379 1156 4445 effectu
1205 4400 1313 4447 seu
1370 4384 1669 4448 eventu
1714 4382 1864 4466 (non
1909 4400 1947 4447 a
1988 4382 2219 4466 fine),
2278 4386 2580 4466 quatenus
2625 4382 2702 4448 ob

281 4478 420 4575 ejus
443 4478 750 4557 humilem
776 4482 1191 4561 conditionem
1216 4488 1530 4563 externam
1546 4485 1589 4552 J
1592 4485 1776 4561 udaei
1797 4504 1941 4558 eum
1966 4488 2036 4557 ut
2050 4484 2349 4562 Messiam
2374 4503 2703 4577 agnoscere
