3234 4992
546 242 670 306 184
1544 235 1655 288 σε».
1680 235 1757 276 11.
1787 248 1830 278 v.
1857 235 1974 277 8-4.

545 444 618 489 ex
674 424 833 489 libro
892 424 951 488 3.
1010 422 1309 508 Regum
1367 423 1493 507 (19,
1565 425 1662 489 10.
1732 423 1894 507 14.),
1964 425 2026 487 et
2092 420 2343 505 quidem
2404 419 2619 504 paucis
2685 420 2950 502 exceptis

539 525 720 610 juxta
765 524 1191 609 Septuaginta.

754 626 830 691 V.
878 627 936 691 3.
983 626 1308 705 „Domine,
1361 626 1689 711 prophetas
1752 635 1885 689 tuos
1948 625 2315 704 occiderunt,
2381 632 2437 687 et
2494 622 2731 685 altaria
2791 620 2957 707 suffo-

550 727 790 809 derunt,
855 736 910 791 et
973 749 1076 812 eqo
1139 726 1384 791 relictus
1444 749 1576 790 sum
1638 727 1803 791 solus
1819 777 1839 807 ,
1904 736 1961 791 et
2023 735 2324 813 quaerunt
2386 725 2662 788 animam
2720 728 2960 786 meam.“

552 828 760 893 Verba
806 829 956 893 haec
999 829 1242 893 locutus
1290 832 1384 893 est
1426 828 1616 908 Elias,
1672 829 1916 914 fugiens
1960 828 2003 895 J
2021 829 2473 904 ezabelem,
2534 826 2959 909 impiissimam

550 948 800 995 uxorem
871 930 1152 995 Achab
1174 930 1226 1009 i,
1295 931 1461 1013 regis
1507 931 1856 1010 Israelitici,
1924 950 2080 1014 quae
2134 932 2299 997 hunc
2363 928 2627 1006 seduxit,
2698 930 2768 992 ut
2828 926 2965 991 idoli

551 1032 605 1095 Β
627 1032 844 1096 aalis
889 1033 1126 1097 cultum
1175 1032 1588 1097 introduceret
1648 1036 1711 1097 et
1754 1033 2087 1116 prophetas
2147 1030 2617 1112 sacerdotesque
2681 1028 2963 1104 Jehovae,

552 1133 853 1217 quutquut
901 1133 1160 1197 inveniri
1204 1134 1508 1216 poterant,
1567 1134 1884 1199 occideret.
1976 1134 2182 1198 Etiam
2243 1133 2416 1197 Eliae
2474 1133 2748 1195 mortem
2792 1129 2965 1193 mini-

552 1237 685 1297 tata
765 1237 889 1309 est,
973 1235 1114 1317 quia
1179 1234 1574 1299 vehementer
1664 1236 2071 1301 invehebatur
2154 1234 2220 1299 in
2294 1233 2501 1298 Baalis
2582 1231 2967 1305 sacerdotes3

556 1353 741 1417 quare
801 1337 1045 1417 aufugit
1099 1335 1165 1398 in
1226 1335 1566 1412 desertum,
1623 1337 1831 1420 ibique
1888 1337 2079 1402 verba
2135 1336 2288 1400 haec
2349 1336 2428 1399 ad
2470 1335 2675 1398 Deum
2735 1334 2966 1398 locutus

552 1441 661 1501 eat.
733 1477 803 1481 —
869 1437 989 1501 Per
1049 1433 1447 1517 θυσιαστήρια
1491 1436 1855 1522 (altaria)
1913 1439 1971 1502 h.
2020 1439 2060 1504 l.
2108 1456 2248 1501 cum
2295 1436 2528 1501 Estio
2575 1434 2841 1516 aliisque
2880 1433 2967 1495 in-

552 1537 901 1621 telligenda
965 1541 1108 1602 suut
1173 1538 1412 1617 altaria,
1474 1557 1631 1620 quae
1676 1540 1913 1622 passim
1973 1540 2038 1604 in
2098 1539 2377 1616 excelsiS,
2446 1536 2653 1602 studio
2713 1535 2967 1618 quodam

560 1641 813 1721 pietatis
865 1641 917 1701 D
941 1661 969 1705 e
993 1657 1025 1705 u
1073 1658 1261 1704 vero
1307 1643 1510 1704 erecta
1554 1642 1729 1704 erant
1769 1644 2066 1724 tempore,
2114 1658 2233 1723 quo
2270 1640 2482 1704 decem
2516 1638 2718 1703 tribus
2762 1655 2970 1720 regum

565 1757 817 1805 auarum
865 1740 1185 1825 tyrannide
1229 1740 1574 1825 prohibitae
1616 1741 1886 1821 fuerunt,
1935 1763 2010 1808 ne
2035 1741 2531 1825 Hierosolymam
2574 1739 2973 1804 ascenderent

560 1841 849 1905 saurifiuii
913 1861 1108 1906 eausa.
1172 1878 1254 1888 —
1316 1840 1617 1921 Quamvis
1682 1845 1848 1909 enim
1907 1845 1973 1909 id
2030 1845 2165 1928 lege
2223 1832 2488 1908 vetitum
2535 1844 2714 1907 esset
2771 1841 2971 1922 (Dent.

565 1945 661 2021 16,
725 1945 837 2025 a),
909 1965 977 2009 au
1045 1944 1207 2009 recte
1271 1942 1532 2009 fecerint
1582 1944 1979 2010 Ezechias
2047 1950 2107 2009 et
2172 1944 2487 2022 Josias,
2554 1962 2733 2027 reges
2793 1941 2974 2018 Juda,

556 2045 745 2109 etiam
793 2044 1098 2129 ejusmodi
1142 2064 1281 2110 aras
1341 2046 1687 2124 evertendO,
1747 2050 1964 2111 tamen
2022 2047 2286 2130 impium
2348 2048 2498 2123 erat,
2562 2063 2665 2109 eas
2727 2043 2976 2108 subver-

556 2149 681 2209 tere
745 2149 929 2209 udin
991 2146 1195 2212 uultus
1243 2148 1360 2213 Dei
1405 2148 1617 2226 Israel,
1680 2148 1773 2212 uti
1837 2148 2106 2214 fecerant
2151 2148 2369 2213 Achab
2425 2150 2489 2211 et
2532 2145 2793 2211 Jezabel
2837 2162 2978 2207 cum

556 2265 665 2313 suu
725 2249 969 2329 pupula.
1041 2290 1120 2303 -
1188 2248 1428 2315 Solus
1493 2247 1730 2333 (μόνος)
1796 2250 2051 2315 relictus
2116 2268 2273 2314 sum.
2364 2247 2782 2313 Existimabat
2848 2246 2977 2310 scil.

556 2349 745 2425 Elias,
793 2349 955 2429 quud
993 2349 1127 2433 jam
1187 2350 1394 2415 nullus
1455 2351 1742 2415 existeret
1801 2352 2000 2415 cultor
2061 2351 2188 2415 veri
2233 2352 2366 2429 Dei,
2427 2350 2702 2433 ignaruS,
2750 2349 2981 2413 multos

560 2449 761 2513 adhue
809 2469 965 2521 esse.
1017 2450 1118 2533 qui
1162 2451 1325 2516 clam
1370 2470 1585 2516 verum
1633 2452 1836 2516 Deum
1894 2453 2181 2517 colerent.
2277 2451 2407 2515 Alii
2450 2470 2594 2515 vero
2639 2450 2981 2533 explicant:

556 2569 627 2613 er
685 2553 1119 2633 prophetis
1182 2570 1293 2635 ego
1355 2554 1616 2632 solus,
1686 2553 1936 2636 reliquis
1995 2553 2233 2631 occisiS,
2302 2554 2619 2636 superstes
2687 2551 2982 2616 remansi.

560 2649 673 2717 Cui
737 2652 1127 2733 explicationi
1189 2671 1309 2716 non
1380 2654 1604 2732 obstat,
1674 2655 1835 2737 quod
1892 2654 1958 2718 in
2022 2654 2179 2719 libro
2246 2655 2302 2719 3.
2350 2654 2593 2737 Regum
2658 2653 2790 2738 (18,
2852 2652 2980 2731 13.)

556 2757 853 2829 narratur,
905 2755 1278 2833 abdiam,
1324 2755 1485 2839 regis
1533 2773 1959 2835 oeconomum,
2020 2757 2085 2821 in
2141 2756 2251 2821 illa
2311 2756 2754 2840 prophetarum
2816 2753 2979 2818 occi-

556 2857 725 2917 siuue
773 2857 1097 2921 eentum
1143 2856 1474 2940 prophetas
1518 2857 1577 2920 in
1630 2857 1937 2940 speluncis
1998 2857 2428 2934 abscondisse3
2492 2874 2641 2921 nam
2686 2859 2975 2939 poterant

552 2957 645 3021 illi
693 2957 909 3021 deiude
957 2957 1314 3041 deprehensi
1360 2978 1493 3023 esse
1539 2963 1601 3023 et
1647 2959 1853 3024 occisi.
1880 2995 1964 3007 --
2002 2959 2192 3039 ζητεῖν
2227 2958 2329 3030 τὴν
2360 2956 2589 3041 Ψυχήν,
2636 2958 2981 3021 animam

560 3077 993 3141 quaerere,
1077 3078 1144 3122 ex
1222 3058 1576 3124 hebraismo
1660 3060 1826 3124 idem
1893 3080 1999 3125 ac:
2066 3061 2229 3126 vitae
2293 3059 2719 3137 insidiari3
2786 3078 2982 3141 quum

565 3161 781 3241 Ψυχή,
845 3181 997 3241 quae
1061 3160 1298 3243 proprie
1362 3161 1616 3225 denotat
1690 3161 1901 3225 anim
1926 3179 2080 3242 am,
2161 3182 2348 3231 sensu
2412 3161 2619 3228 latiori
2678 3161 2986 3245 significet

556 3261 805 3325 vitam
873 3260 1263 3345 (physicam).
1334 3297 1406 3310 —
1471 3263 1863 3344 κατέσκαψαν,
1925 3264 2323 3343 suffoderunt,
2384 3264 2423 3329 i.
2490 3284 2539 3328 e.
2602 3263 2986 3328 suffodiendo

552 3365 929 3425 everterunt.
981 3401 1049 3409 τ
1099 3362 1202 3427 Ad
1247 3364 1737 3445 quaerimoniam
1783 3365 1942 3430 hanc
1988 3365 2320 3449 respondet
2366 3365 2420 3429 ei
2464 3366 2669 3429 Deus:

753 3461 827 3525 V.
869 3465 921 3525 4.
973 3460 1139 3541 „Sed
1180 3464 1330 3549 quid
1372 3463 1524 3528 dicit
1565 3467 1623 3529 ei
1665 3466 1982 3531 oraculum
1994 3467 2062 3530 ‘:2“
2106 3467 2144 3531 i.
2194 3486 2243 3531 e.
2312 3467 2460 3548 quid
2503 3467 2676 3530 Deus
2735 3468 2983 3531 oraculo

552 3565 881 3645 respendet
925 3565 1025 3629 ei?
1077 3600 1146 3610 -
1194 3564 1598 3648 χρηματισμός
1642 3570 1806 3652 apud
1850 3568 2137 3651 profanos
2185 3573 2467 3634 auctores
2514 3570 2768 3634 denotat
2791 3571 2983 3652 quod-

552 3665 709 3729 libet
765 3684 1271 3745 ruapunsum,
1334 3671 1441 3733 aut
1505 3669 1931 3745 monitum3
1990 3670 2054 3734 in
2116 3690 2164 3734 S.
2228 3671 2535 3754 scriptura
2599 3672 2985 3739 autemide-

552 3769 729 3829 nutat
777 3765 1100 3849 speciatim
1130 3785 1507 3854 responsum
1555 3772 1664 3835 aut
1709 3770 2016 3834 monitum
2063 3770 2481 3836 divinitus
2528 3772 2767 3852 datum,
2813 3792 2980 3837 ora-

552 3869 861 3945 culum,
922 3869 993 3929 ut
1037 3865 1095 3930 h.
1143 3867 1181 3931 l.
1246 3868 1337 3951 (et
1377 3870 1434 3934 2.
1483 3871 1681 3936 Mace.
1733 3872 1831 3951 11,
1882 3872 2026 3955 17.).
2113 3871 2478 3937 Conferatur
2535 3874 2795 3939 verbum
2838 3898 2979 3958 χρη-

548 3969 781 4049 ματίζει
825 3969 889 4033 iu
937 3970 1335 4034 commentar.
1363 3972 1427 4035 in
1461 3970 1688 4037 Matth.
1730 3972 1788 4052 2,
1836 3972 1931 4037 12.
1982 4012 2059 4023 -—
2104 3973 2404 4059 „Reliqui
2434 3975 2739 4062 mihiipsi
2764 3986 2983 4062 septem

552 4069 757 4133 maffia
817 4073 1111 4149 auia-urum,
1170 4070 1278 4155 qui
1337 4070 1508 4135 Baal
1567 4095 1766 4158 yenua
1808 4097 1929 4137 non
1956 4074 2268 4160 flexerunt
2282 4081 2347 4156 ,·“
2389 4077 2427 4140 i.
2476 4097 2525 4141 e.
2573 4096 2697 4143 non
2741 4095 2981 4160 omneS,

552 4173 645 4237 uti
693 4173 893 4253 putas,
941 4173 1110 4237 uultu
1156 4172 1369 4237 Baalis
1433 4175 1839 4239 contaminati
1904 4177 2069 4255 sunt,
2131 4177 2237 4241 sed
2297 4196 2598 4260 magnum
2645 4198 2979 4244 numerum

552 4277 825 4337 vireium
877 4293 985 4357 per
1029 4273 1296 4357 gratiam
1344 4293 1549 4339 meam
1608 4276 1767 4340 mihi
1825 4277 2155 4356 reservavi,
2218 4278 2324 4360 qui
2385 4296 2511 4342 non
2572 4280 2985 4346 adoraverunt

552 4377 793 4441 idolum
841 4377 1021 4441 Baal.
1073 4412 1144 4423 ·-
1199 4373 1473 4441 Genua
1518 4376 1870 4441 flectere
1909 4380 2011 4444 est
2053 4379 2222 4443 idem
2283 4398 2356 4444 ac
2414 4380 2787 4460 adorare3
2833 4400 2981 4447 nam

552 4477 897 4561 genuflexio
945 4481 1045 4545 est
1086 4478 1335 4543 externa
1379 4477 1799 4543 manifestatio
1832 4479 2091 4546 humilis
2138 4481 2545 4565 subjectionis
2593 4487 2657 4549 et
2702 4485 2978 4550 adora-
