3234 4992
1257 234 1368 289 Gap.
1393 238 1472 279 11.
1497 246 1544 279 v.
1569 238 1739 279 22-88.
2590 243 2715 309 163

485 421 564 486 V.
608 421 709 486 22.
757 420 878 499 „Si
936 430 1136 490 autem
1199 420 1392 502 Deus,
1451 445 1635 509 quum
1696 424 1861 487 iram
1922 424 2229 489 ostendere
2268 434 2326 489 et
2372 427 2715 511 potentiam

280 542 464 585 auam
507 530 716 585 notam
743 520 968 607 facere
1008 520 1202 603 vellet,
1259 521 1401 587 tulit
1440 522 1637 587 multa
1692 546 1826 589 cum
1856 526 2169 611 patientia
2209 548 2364 591 vasa
2404 527 2561 608 irae,
2604 527 2714 593 ad-

283 631 510 709 aptata
554 622 641 688 ad
682 622 1072 705 interitum;“

505 724 584 791 V.
629 723 730 789 23.
776 734 876 803 „et
913 734 984 789 ut
1025 724 1358 789 ostenderet
1411 724 1669 791 divitias
1724 724 1959 811 gloriae
2012 748 2160 791 auae
2212 729 2281 792 in
2339 730 2508 793 vasis
2547 730 2717 795 mise-

280 825 619 905 ricordiae,
687 846 842 910 quac
885 827 1304 911 praeparavit
1366 826 1454 889 ad
1518 826 1845 913 yleriam.“
1916 866 1987 875 —
2058 829 2241 895 Nunc
2306 848 2355 895 a.
2403 832 2720 915 apostolus

283 930 620 993 directe
663 928 890 994 refellit
949 928 1362 1011 objectionem
1419 930 1592 1013 prius
1639 932 1723 1013 (v.
1773 930 1902 1013 19.)
1948 930 2025 995 ab
2070 930 2419 995 adversario
2461 931 2720 1011 factam,

283 1031 348 1093 et
391 1028 649 1111 quidem
692 1029 802 1110 ita,
863 1031 937 1092 ut
978 1046 1344 1112 responsum
1392 1049 1575 1095 suum
1636 1031 2137 1114 applicando
2179 1031 2319 1114 (seu
2362 1048 2718 1097 accommo-

284 1130 522 1212 dando)
567 1130 646 1193 ad
691 1130 1038 1208 materiam,
1103 1150 1289 1213 quam
1339 1133 1585 1211 tractat,
1632 1131 1763 1197 scil.
1814 1132 1892 1195 ad
1936 1130 1979 1197 J
2000 1151 2038 1195 u
2059 1132 2355 1197 daeoru
2378 1150 2440 1195 m
2486 1131 2565 1197 ab
2611 1134 2720 1197 ad-

281 1231 538 1314 optione
581 1232 646 1295 in
687 1232 986 1314 populum
1031 1232 1174 1296 novi
1197 1232 1589 1297 Testamenti
1636 1236 1699 1297 et
1743 1251 1780 1297 a
1823 1232 1999 1297 bonis
2034 1232 2091 1297 ei
2125 1233 2467 1315 promissis,
2514 1233 2715 1297 nomi-

281 1331 493 1396 natim
539 1350 578 1396 a
611 1330 1076 1414 justificatione,
1121 1334 1536 1399 exclusionem
1584 1337 1649 1397 et
1691 1333 2149 1416 gentilium
2195 1334 2273 1397 ad
2318 1332 2470 1397 illud
2508 1350 2721 1415 super-

279 1433 574 1497 naturale
640 1432 1007 1498 beneficium
1079 1434 1542 1512 admissionem,
1603 1434 1929 1510 ostendat,
2005 1434 2069 1497 in
2132 1434 2249 1498 hac
2312 1434 2432 1497 Dei
2498 1434 2723 1516 agendi

279 1533 530 1598 ratione
587 1533 745 1599 nihil
807 1551 942 1597 esse
1001 1533 1215 1617 iniqui.
1302 1532 1736 1599 Transitio
1803 1534 2110 1599 indicatur
2173 1552 2283 1617 per
2346 1534 2717 1616 particulam

282 1634 369 1697 δὲ.
461 1633 673 1699 Oratio
717 1635 867 1699 haec
909 1653 956 1699 s.
1005 1633 1188 1700 Pauli
1231 1638 1328 1700 est
1374 1636 1532 1718 imp
1556 1634 1723 1700 erfe
1744 1637 1907 1711 cta3
1953 1635 2121 1701 caret
2144 1634 2310 1699 enim
2350 1634 2721 1718 apodosi,

284 1737 352 1799 et
399 1734 652 1818 quidem
697 1732 848 1799 hac:
895 1735 1082 1817 quid
1127 1735 1488 1799 dicemus
1547 1736 1637 1817 (τί
1688 1737 1959 1819 emejus»)
2020 1736 2151 1801 vel:
2211 1735 2405 1818 quid
2461 1736 2725 1818 iniqui

284 1840 419 1900 est
465 1836 556 1919 (τί
592 1833 866 1919 ἄτοπον),
915 1836 1050 1901 scil.
1095 1836 1160 1901 in
1204 1836 1321 1900 hac
1365 1834 1482 1900 Dei
1539 1837 1764 1919 agendi
1826 1836 2112 1901 ratione?
2200 1835 2513 1919 Apodosis
2572 1837 2725 1901 haec

287 1937 575 2020 excipere
621 1936 876 2001 deberet
919 1936 1144 2001 ultima
1186 1938 1374 2003 verba
1415 1956 1633 2003 versus
1677 1939 1778 2003 23.
1847 1974 1921 1985 —-
1982 1943 2033 1999 εἰ
2085 1938 2283 2002 θέλων
2328 1936 2364 2001 o‘
2405 1937 2561 2008 θεός
2606 1984 2620 1999 .
2666 1957 2725 2013 .,·

285 2037 690 2121 participium
715 2038 912 2126 affl-mv
935 2054 1056 2101 non
1081 2040 1289 2121 potest
1330 2039 1586 2103 resolvi:
1634 2040 1821 2121 quia
1863 2040 2060 2105 voluit
2095 2039 2415 2103 ostendere
2459 2038 2617 2103 iram
2656 2087 2671 2104 .
2710 2088 2723 2104 .

285 2139 368 2204 id
396 2157 480 2203 eo
529 2139 824 2203 sustinuit
864 2139 928 2202 in
974 2139 1174 2204 multa
1210 2139 1545 2221 patientia:
1593 2139 1703 2205 sed
1729 2140 1913 2205 debet
1936 2141 2025 2205 ita
2046 2140 2307 2204 resolvi:
2354 2140 2727 2221 quamvis

286 2241 434 2305 vult
505 2239 662 2323 (scil.
729 2240 1047 2305 voluntate
1122 2256 1576 2321 consequen
1596 2241 1673 2303 te
1753 2241 1829 2305 ad
1897 2240 2432 2324 impoenitentiam
2498 2239 2729 2323 cordis)

295 2340 626 2405 ostendere
687 2340 845 2405 iram
892 2388 905 2404 .
957 2388 970 2403 .
1019 2387 1055 2418 .,
1116 2343 1328 2405 tamen
1391 2340 1689 2403 sustinuit
1749 2341 2075 2422 (nimirum
2133 2340 2453 2405 voluntate
2513 2343 2729 2405 ante-

289 2460 381 2509 ce
405 2442 685 2521 dente,
747 2458 872 2523 qua
929 2458 1138 2505 eorum
1198 2440 1334 2504 vult
1394 2440 1841 2522 poenitentiam
1914 2446 1977 2505 et
2044 2440 2339 2525 salutem)
2404 2440 2469 2505 in
2530 2441 2731 2506 multa

293 2542 606 2627 patientia
647 2542 754 2625 (cf.
803 2540 945 2625 Sap.
994 2542 1092 2619 12,
1142 2542 1288 2624 10.).
1343 2581 1413 2591 -
1463 2541 1723 2606 Verbis:
1775 2541 2149 2617 ἐνδείξασθαι
2195 2587 2209 2602 .
2261 2588 2275 2602 .
2319 2588 2333 2601 .
2375 2540 2446 2604 τὸ
2490 2541 2733 2605 δυνατὸν

293 2662 547 2709 unum
589 2643 826 2708 indicat
868 2641 1153 2720 finem,
1199 2660 1309 2705 cur
1342 2642 1506 2705 Deus
1550 2643 1643 2707 ita
1685 2647 1847 2726 agat.
1904 2683 1974 2693 --
2021 2641 2091 2705 τὰ
2138 2641 2381 2705 δυνατὸν
2426 2647 2521 2709 est
2564 2645 2731 2711 idem

292 2765 368 2811 ac
412 2744 524 2825 τήν
569 2741 848 2823 &vivorum
910 2742 1050 2825 ὀργῆ
1108 2745 1201 2807 est
1247 2743 1364 2807 Dei
1421 2742 1528 2820 ira,
1589 2762 1776 2825 quam
1839 2744 1961 2809 sibi
2019 2746 2451 2809 contraxerunt
2504 2744 2548 2809 J
2554 2745 2731 2810 udaei

301 2846 628 2923 increduli,
676 2848 739 2909 et
781 2865 890 2929 per
930 2862 1118 2928 quam
1155 2844 1386 2908 exclusi
1431 2847 1577 2908 sunt
1622 2844 1701 2909 ab
1742 2845 2072 2927 adoptione
2118 2838 2181 2907 ist
2226 2845 2526 2927 populum
2553 2845 2633 2909 N.
2659 2845 2731 2909 T.

298 2950 366 3012 et
413 2966 450 3011 a
494 2946 670 3012 bonis
713 2946 772 3011 ei
828 2945 1148 3030 promissis
1209 2945 1376 3026 (coll.
1429 2946 1526 3023 11,
1587 2945 1737 3028 20.).
1827 2945 1988 3025 Ergo
2033 2945 2176 3009 finis
2220 2963 2423 3009 unus
2468 2948 2617 3023 erat,
2665 2950 2736 3010 ut

295 3048 734 3114 manifestaret
755 3047 1102 3131 potentiam
1124 3045 1536 3110 vindicativae
1576 3064 1721 3109 suae
1758 3046 2065 3129 justitiae.
2120 3084 2188 3091 —-
2239 3044 2466 3127 ἤνεγκεν
2511 3047 2734 3125 tulit,

295 3150 336 3215 i.
387 3168 440 3214 e.
504 3149 812 3228 toleravit,
879 3167 1001 3213 non
1065 3147 1280 3211 statim
1349 3145 1594 3229 punivit
1660 3146 2033 3231 (confregit).
2107 3184 2175 3195 —-
2252 3145 2427 3229 σκεύη
2495 3166 2734 3226 vasa,

295 3253 562 3334 utroque
619 3250 757 3317 loco
819 3251 968 3314 sunt
1023 3267 1191 3327 vasa,
1253 3265 1410 3331 quae
1472 3247 1710 3329 aliquid
1770 3247 1856 3329 (v.
1913 3267 1962 3313 c.
2011 3249 2168 3312 iram
2228 3252 2338 3315 aut
2396 3250 2737 3315 misericor·

297 3350 500 3435 diam)
555 3352 622 3416 in
686 3371 753 3417 se
812 3350 1137 3434 recipiunt.
1205 3387 1281 3395 -—-
1342 3350 1502 3419 ἔλεος
1561 3352 1659 3413 est
1703 3349 1821 3413 Dei
1877 3350 2315 3429 misericordia,
2372 3368 2557 3434 quam
2603 3350 2646 3417 J
2665 3370 2739 3415 u-

298 3453 530 3519 daeis
576 3456 638 3517 et
682 3452 1152 3536 gentilibus
1203 3449 1498 3526 exhibuit,
1547 3449 1910 3515 conferendo
1954 3451 2253 3516 nimirum
2297 3452 2425 3516 illis
2468 3452 2742 3536 gratuito

297 3556 596 3637 nulloque
657 3573 870 3620 eorum
938 3553 1160 3617 merito
1227 3550 1493 3635 gratiam
1564 3552 2039 3615 vocationis
2104 3552 2200 3616 ad
2265 3552 2515 3618 fidem
2580 3554 2742 3617 chri-

297 3656 574 3721 stianam
611 3658 673 3720 et
709 3653 1440 3739 justificationem
1501 3671 1610 3734 per
1662 3652 1869 3716 fidem.
1961 3652 2292 3718 Credentes
2356 3674 2429 3718 ex
2480 3654 2744 3738 genti-

297 3758 523 3822 libus
570 3760 734 3835 sunt,
783 3756 858 3820 de
883 3755 1112 3838 quibus
1156 3752 1399 3839 (v.26.)
1445 3752 1685 3817 dictum
1730 3739 2060 3819 esti'non
2103 3755 2459 3838 populus
2504 3773 2743 3830 meua,

299 3876 473 3924 nunc
516 3858 916 3922 vocantur
959 3855 1136 3921 filii
1179 3854 1361 3931 Dei,
1409 3873 1480 3917 ex
1525 3852 1873 3919 Judaeis
1917 3872 2079 3932 vero,
2126 3855 2200 3919 de
2234 3856 2462 3937 quibus
2501 3855 2581 3938 (v.
2611 3854 2745 3939 27.)

302 3960 544 4025 dictum
603 3960 730 4024 est:
799 3957 1200 4039 reliquiae
1262 3955 1541 4021 salvae
1602 3954 1881 4019 factae
1929 3958 2145 4033 sunt,
2220 3956 2283 4021 et
2348 3956 2746 4020 Dominus

304 4060 675 4127 Sabaoth
739 4058 1098 4140 reliquit
1179 4056 1412 4123 nobis
1493 4074 1798 4134 semen,
1866 4058 1903 4120 i.
1976 4076 2025 4120 e.
2099 4056 2343 4122 etiamsi
2412 4056 2747 4121 multitudo

305 4159 746 4244 (Judaeorum)
808 4176 932 4223 non
995 4158 1358 4235 crediderit,
1431 4160 1643 4220 tamen
1698 4156 1882 4240 pauci
1958 4158 2211 4221 credent
2276 4155 2602 4240 (Hieron.).
2672 4192 2751 4203 --

303 4261 550 4327 Verba:
598 4278 792 4325 vasa
832 4261 1005 4324 irae
1049 4276 1173 4323 non
1217 4259 1478 4342 possunt
1523 4258 1689 4323 sumi
1733 4258 2032 4335 active,
2081 4275 2153 4323 ac
2200 4258 2253 4321 si
2298 4258 2453 4322 talia
2495 4257 2751 4322 fecisset

307 4363 432 4427 ira
477 4361 662 4439 Dei,
711 4360 821 4425 sed
883 4360 1250 4444 passive:
1313 4376 1480 4437 vasa,
1543 4359 1765 4440 quibus
1826 4358 1919 4422 ira
1976 4357 2256 4437 debetur,
2317 4362 2380 4423 et
2438 4376 2547 4442 per
2600 4358 2751 4423 haec

310 4464 461 4527 sunt
519 4479 613 4543 pe
635 4463 1011 4525 ccatores
1074 4458 1364 4543 (gentiles
1425 4458 1490 4521 et
1547 4460 1815 4525 maxime
1859 4457 1903 4524 J
1906 4457 2087 4523 udaei
2142 4457 2470 4541 increduli)
2513 4456 2748 4523 intelli-

2409 4557 2543 4625 11*
