3234 4992
573 217 696 281 190
1585 213 1694 262 Cap.
1720 214 1801 253 xl.
1828 227 1872 254 v.
1900 214 1965 255 12.

571 401 690 467 Sed
749 400 904 465 haec
961 399 1299 482 anticipata
1353 400 1685 482 gentilium
1748 400 2059 465 conversio
2119 400 2415 464 divinitus
2481 400 2709 463 directa
2763 400 2844 464 est
2878 402 2942 464 ad

568 502 612 567 J
625 503 880 565 udaeo
903 520 1063 565 rum
1129 501 1394 565 salutem
1420 550 1436 577 ,
1502 502 1598 564 uti
1658 502 1876 565 statim
1935 501 2086 565 dicit
2144 502 2495 583 apostolus:
2564 500 2697 580 ,JUt
2746 522 2832 563 eos
2876 500 2948 562 acl

569 601 1034 665 aemulationem
1075 610 1442 687 provocaret
1453 607 1520 682 ,·“
1585 602 1622 665 i.
1672 622 1723 666 e.
1785 606 1857 666 ut
1915 603 2085 666 Deus
2144 602 2417 666 Judaeos
2477 602 2813 665 incredulos
2866 620 2954 682 per

575 704 842 787 gentiles
885 703 1198 767 credentes
1245 708 1308 766 et
1354 704 1446 767 ita
1489 701 1654 766 bona
1697 720 1889 766 novae
1929 703 2326 766 oeconomiae
2374 702 2699 785 (ecclesiae
2741 701 2812 764 N.
2852 702 2955 783 Τ.),

575 806 943 869 nominatim
961 805 1494 888 justificationem,
1543 804 2009 887 participanteS,
2056 805 2135 867 ad
2179 808 2461 867 sanctam
2508 803 2961 867 aemulationem

572 909 945 987 provocaret,
993 909 1179 988 atque
1211 906 1298 969 ita
1341 908 1403 968 et
1444 906 1564 988 ipsi
1593 907 2113 970 converterentur.
2170 904 2537 987 Subjectum
2583 905 2678 967 est
2718 900 2872 972 θεός.
2911 940 2959 947 -

569 1003 943 1088 παραζηλόω,
973 1008 1051 1071 ad
1076 1007 1559 1071 aemulationem
1587 1007 1860 1087 aliquem
1893 1023 2170 1088 provoco.
2216 1043 2304 1051 —
2347 1006 2449 1069 Ad
2486 1024 2704 1070 vocem
2734 1006 2972 1084 σωτηρία

573 1109 988 1191 supplendum
1035 1110 1132 1171 est
1173 1108 1410 1189 γέγονεν.
1479 1107 1595 1169 Per
1640 1108 1989 1172 salutem
2034 1108 2092 1171 h.
2138 1109 2176 1171 l.
2228 1108 2635 1190 intelligenda
2679 1111 2777 1170 est
2820 1106 2969 1170 salus

573 1210 947 1292 evangelica,
994 1209 1032 1272 i.
1059 1228 1110 1271 e.
1145 1208 1308 1273 bona
1350 1226 1542 1272 novae
1574 1208 1968 1272 oeconomiae
1997 1208 2323 1291 (ecclesiae
2347 1208 2424 1272 N.
2452 1208 2575 1291 Τ.),
2620 1206 2973 1271 nominatim

560 1310 940 1394 justificatiO,
999 1329 1155 1391 quae
1198 1310 1329 1391 jam
1376 1312 1510 1372 tum
1567 1329 1673 1391 per
1716 1311 2133 1392 apostolorum
2193 1310 2715 1392 praedicationem
2762 1306 2977 1390 passim

569 1412 907 1494 gentilibus
942 1412 1311 1491 innotuerat,
1359 1415 1422 1474 et
1450 1429 1636 1491 quam
1664 1411 1743 1474 ob
1766 1411 1975 1488 fidem,
2008 1410 2328 1493 evangelio
2365 1410 2734 1487 adhibitam,
2770 1424 2979 1490 magna

511 1558 522 1571 .
571 1532 643 1578 ex
689 1517 865 1595 parte
888 1513 1427 1596 participaverant.
1477 1550 1554 1559 —
1603 1512 1774 1590 ἀλλά,
1820 1513 1976 1576 imo
2021 1531 2203 1577 vero
2248 1512 2332 1595 (2.
2384 1510 2519 1576 Cor.
2549 1514 2603 1587 1,
2652 1511 2741 1592 9.)
2792 1546 2854 1556 -
2905 1505 2979 1583 τῷ

565 1612 1002 1697 παραπτώματι
1068 1614 1313 1678 dativus
1377 1615 1971 1690 instrument13
2039 1618 2102 1677 et
2166 1633 2275 1696 per
2332 1610 2710 1693 παράπτωμα
2764 1610 2979 1674 intelli-

567 1717 806 1799 gendus
864 1720 956 1779 est
1014 1715 1123 1778 ille
1167 1716 1378 1796 lapsus
1399 1764 1413 1791 ,
1484 1733 1603 1797 quo
1649 1714 1691 1780 J
1696 1715 1877 1779 udaei
1940 1715 2280 1778 maximam
2339 1716 2583 1796 partem
2628 1711 2979 1785 ceciderant,

567 1816 950 1881 offendentes
985 1816 1049 1879 in
1073 1814 1116 1880 J
1121 1835 1298 1879 esum
1324 1816 1650 1891 Messiam,
1698 1834 1807 1877 seu
1838 1834 1960 1879 non
1991 1816 2311 1878 credentes
2342 1814 2406 1877 in
2444 1813 2651 1895 ipsum
2677 1812 2975 1875 Messiam.

776 1916 849 1979 V.
899 1917 994 1980 12.
1063 1914 1185 1995 „Si
1225 1938 1364 1980 vero
1427 1916 1640 2001 lapsus
1695 1938 1899 1978 eorum
1955 1915 2211 1978 divitiae
2266 1914 2485 1977 mundi
2497 1962 2518 1993 ,
2580 1921 2635 1976 et
2678 1911 2980 1976 diminutio

569 2039 774 2082 corum
839 2017 1094 2081 divitiae
1156 2018 1458 2103 yentium;
1523 2026 1750 2102 quanto
1814 2018 2011 2101 maqis
2063 2015 2389 2099 plenitudo
2454 2020 2727 2077 eorum.“
2793 2048 2863 2058 —-
2916 2010 2979 2073 In

573 2137 929 2203 praegresso
970 2138 1152 2184 versu
1198 2120 1408 2183 docuit
1454 2138 1500 2182 s.
1530 2118 1869 2201 apostolus»,
1915 2119 2159 2200 lapsum
2204 2116 2420 2199 populi
2442 2114 2778 2179 Israelitici
2824 2130 2979 2195 gen·

573 2220 886 2284 tilibus
935 2220 1295 2283 cessisse
1352 2220 1434 2283 in
1479 2219 1838 2283 salutem
1893 2222 1971 2281 et
2014 2217 2511 2300 spirituales
2569 2215 2847 2279 veluti
2889 2213 2979 2275 di-

575 2321 875 2395 vitias3
921 2337 1085 2383 nunc
1129 2337 1268 2383 vero
1312 2319 1413 2383 hic
1455 2318 1746 2396 infert,
1794 2320 1956 2402 quod
2000 2318 2386 2401 plenaria
2428 2316 2639 2400 populi
2674 2313 2976 2380 Israelitioi

574 2421 652 2485 ad
700 2418 1014 2484 Christum
1062 2422 1376 2484 conversio
1435 2421 1954 2503 copiosiores
2015 2419 2259 2483 divitias
2302 2420 2366 2483 in
2420 2419 2686 2501 gentiles
2734 2416 2975 2481 effusura

531 2573 535 2579 .
575 2523 672 2586 sit.
742 2520 857 2584 Est
901 2520 1196 2584 nimirum
1234 2522 1691 2603 argumentatio
1737 2540 1773 2585 a
1816 2521 1982 2584 felici
2026 2520 2245 2585 effectu
2289 2538 2511 2584 causae
2554 2518 2683 2601 pej
2708 2519 2877 2582 oriS
2916 2516 2978 2579 ad

573 2621 909 2686 feliciorem
971 2620 1261 2685 effectum
1325 2640 1546 2685 causae
1603 2622 1976 2685 melioris
2020 2621 2191 2704 (ergo
2254 2638 2291 2684 a
2335 2621 2559 2684 minori
2620 2619 2700 2683 ad
2749 2618 2976 2701 majus).

575 2722 804 2788 Sensus
872 2725 998 2786 est:
1082 2722 1150 2787 Si
1226 2722 1628 2787 incredulitas
1696 2722 2082 2787 Judaeorum
2162 2722 2528 2804 disponente
2608 2717 2977 2803 providentia

574 2825 782 2890 divina
824 2824 942 2888 fuit
985 2824 1246 2901 occasi0,
1294 2829 1363 2889 ut
1407 2824 1676 2907 gentiles
1718 2826 2059 2906 gratiarum
2106 2823 2386 2900 divitias,
2448 2824 2510 2887 in
2549 2822 2978 2905 justificatione

575 2926 1080 3007 comprehensae,
1144 2925 1518 3008 reciperent3
1591 2928 1653 2988 et
1700 2926 1752 2989 si
1811 2944 2036 3007 parvus
2084 2943 2374 2989 numerus
2420 2923 2806 2989 Judaeorum
2868 2939 2978 2985 cre-

574 3027 851 3091 dentium
897 3047 1007 3109 per
1040 3027 1313 3091 divinam
1351 3026 1803 3109 providentiam
1840 3044 2025 3091 causa
2067 3025 2205 3103 fuit,
2252 3033 2322 3089 ut
2370 3043 2634 3107 magnus
2667 3024 2977 3107 gentilium

572 3148 863 3195 numerus
892 3128 1081 3193 fidem
1127 3130 1191 3192 in
1217 3127 1534 3192 Christum
1583 3128 1939 3209 susciperet,
1991 3165 2063 3173 -
2111 3126 2340 3209 quanto
2386 3126 2686 3209 majorem
2726 3123 2978 3208 plenaria

572 3232 784 3315 populi
807 3230 1132 3295 Israelitici
1166 3232 1242 3295 ad
1269 3228 1582 3294 Christum
1622 3230 1937 3293 conversio
1979 3230 2249 3293 conferet
2281 3228 2622 3292 utilitatem
2647 3227 2977 3291 mundo.—

572 3332 1010 3396 Rationem
1068 3332 1254 3415 hujus
1325 3331 1499 3396 docte
1568 3330 1831 3413 explicat
1895 3349 1943 3393 S.
2012 3330 2401 3394 Thomas:
2484 3330 2825 3413 „Bonum
2889 3328 2971 3389 est

574 3434 1007 3516 potentius
1052 3434 1130 3498 ad
1176 3434 1509 3498 utilitatem
1544 3432 1950 3510 inferendam,
1998 3451 2184 3513 quam
2233 3434 2559 3508 malum3
2608 3432 2718 3495 sed
2764 3431 2973 3495 malum

575 3533 619 3599 J
622 3534 955 3598 udaeorum
982 3553 1274 3617 magnam
1297 3534 1637 3598 utilitatem
1662 3532 1953 3616 gentibus
1973 3533 2269 3608 contulit3
2298 3551 2442 3615 ergo
2470 3532 2667 3596 multo
2696 3532 2970 3614 majorem

575 3634 814 3700 confert
867 3636 1096 3699 mundo
1143 3652 1351 3700 eorum
1388 3636 1685 3700 bonum.“
1734 3673 1814 3680 —
1859 3633 2101 3715 ἥττημα,
2164 3633 2647 3711 diminutio,
2710 3634 2804 3697 uti
2844 3633 2974 3696 bene

573 3736 759 3801 vertit
782 3736 1082 3817 Vulgata}
1132 3754 1276 3800 nam
1323 3737 1380 3799 h.
1408 3738 1471 3814 1.,
1521 3737 1625 3800 ubi
1672 3737 1999 3820 opponitur
2022 3735 2156 3799 voci
2179 3734 2531 3817 πλήρωματι
2578 3729 2969 3817 (plenitudini,

575 3836 1074 3919 universalitati),
1101 3836 1491 3901 solummodo
1517 3840 1723 3920 potest
1745 3838 2069 3919 designare
2106 3835 2767 3913 diminutionem,
2810 3852 2971 3917 pau-

577 3938 926 4002 citatem
952 3985 966 4014 ,
1031 3937 1068 3999 i.
1119 3955 1170 3999 e.
1216 3940 1456 4019 partem
1501 3939 1676 4003 illam
1723 3937 1936 4021 populi
1980 3937 2308 4001 Israelitici
2352 3956 2625 4021 parvam,
2694 3954 2847 4019 quae
2886 3950 2973 4015 per

577 4039 761 4103 fidem
824 4038 889 4102 in
948 4036 1268 4103 Christum
1331 4037 1628 4103 bonorum
1692 4040 1759 4102 in
1819 4055 1977 4102 nova
2036 4040 2394 4103 oeconomia
2443 4040 2731 4121 (ecclesia
2772 4036 2845 4102 N.
2890 4032 2969 4113 Τ.)

582 4139 1063 4223 promissorum,
1131 4139 1502 4205 nominatim
1562 4139 2067 4222 justificationiS,
2137 4140 2444 4223 particeps
2510 4140 2676 4204 facta
2740 4141 2847 4203 est.
2902 4166 2969 4178 -

577 4240 803 4321 κόσμος
860 4245 922 4305 et
964 4244 1108 4323 ἐθψη
1153 4242 1213 4305 h.
1261 4242 1302 4305 l.
1352 4241 1499 4305 sunt
1543 4258 1901 4324 synonyma.
1954 4278 2030 4287 ——·—
2082 4240 2457 4305 Divitiae
2503 4240 2805 4325 (πλοῦτος)
2848 4237 2967 4303 sunt

582 4342 828 4408 divitiae
872 4344 1214 4426 gratiarum
1259 4343 1321 4407 in
1371 4340 1649 4421 Christe,
1711 4342 2086 4407 nominatim
2129 4342 2195 4406 in
2231 4342 2675 4425 justificatione
2720 4355 2965 4421 compre-

577 4445 829 4511 hensae.
877 4480 959 4491 —-
1003 4444 1313 4523 Ceterum,
1359 4444 1606 4528 utiJam
1628 4443 1800 4527 prius
1840 4442 2331 4522 observavimuS,
2376 4444 2591 4526 lapsus
2636 4442 2741 4507 ille
2762 4440 2965 4507 Judae-
