3234 4992
543 200 586 265 2
593 200 680 265 30
1502 194 1616 248 cap.
1638 195 1763 237 xrv.
1787 205 1835 237 v.
1862 194 2031 237 n-zs.

541 384 732 462 κρέας,
793 399 952 445 caro.
1017 417 1104 429 —
1167 382 1318 461 μηδὲ
1377 385 1436 443 ἐν
1479 380 1534 459 φ’
1577 428 1592 442 .
1638 428 1655 442 .
1698 428 1713 442 .
1756 379 2115 463 προσκόπτει
2174 380 2414 445 dictum
2470 379 2569 443 est·
2630 396 2777 461 pro:
2814 378 2971 457 -μηδὲ

544 482 831 563 πράσσειν
871 505 946 559 τι,
991 485 1048 543 ἐν
1093 481 1148 561 φ’
1187 482 1550 561 προσκόπτει
1617 483 1759 564 (nec
1820 483 1856 547 f
1864 502 1950 547 ao
1968 502 2097 547 ere
2162 482 2419 564 aliquid,
2490 498 2615 561 quo
2684 478 2969 564 offendit).

543 586 804 662 ἀσθενεῖ,
851 584 1217 661 infirmatur,
1263 586 1301 648 i.
1349 605 1399 649 e.
1445 584 1750 649 infirmior
1792 585 1867 649 fit
1908 584 2050 661 fide,
2096 585 2269 659 adeo,
2331 586 2403 647 ut
2456 582 2815 667 periculum
2872 581 2969 656 sit,

551 706 630 752 ne
675 686 859 751 fidem
905 702 1156 768 prorsus
1201 685 1474 751 amittat.
1521 684 1699 751 Cous.
1745 686 1915 750 dicta
1958 706 2013 749 v.
2064 685 2161 750 15.

746 786 818 849 V.
865 785 964 849 22.
1011 786 1158 863 „Tu
1189 785 1664 869 fidernlzabes‚·“
1706 786 1885 868 quasi
1909 786 2174 850 diceret:
2218 785 2315 849 Tu
2358 802 2739 869 persuasum
2772 782 2972 857 habes,

549 887 762 951 omnia
799 906 934 951 esse
980 888 1232 963 munda,
1280 890 1344 950 et
1388 888 1801 952 christianum
1844 887 2147 951 Mosaicis
2190 886 2435 969 legibus
2476 885 2824 950 ritualibus
2864 901 2975 948 non

544 989 758 1053 teneri.
851 987 951 1053 Sic
1016 988 1374 1053 occurrit
1436 988 1803 1072 objectioni,
1892 1008 2081 1070 quam
2148 989 2287 1069 quis
2354 988 2411 1052 ei
2475 987 2692 1051 facere
2758 985 2975 1068 posset.

539 1092 732 1159 πίστις
773 1089 835 1153 h.
879 1089 919 1153 L
968 1089 1162 1152 animi
1207 1090 1540 1171 persuasio.
1628 1073 1786 1154 Pro?
1824 1089 1900 1151 σύ
1937 1084 2140 1152 ’πίστιν
2200 1092 2348 1171 ἔχεις
2408 1087 2701 1151 nonnulli
2746 1086 2976 1150 codices

543 1190 812 1255 habent:
855 1188 933 1251 σύ
981 1193 1194 1265 πίστιν,
1239 1189 1310 1269 ἠν
1355 1192 1518 1272 ἔχεις,
1561 1191 1711 1251 κατὰ
1755 1238 1769 1250 .
1814 1238 1829 1251 .
1874 1210 1929 1266 .‚·
1976 1210 2199 1256 sensus
2255 1191 2425 1255 idem
2484 1190 2730 1253 manet.
2808 1186 2979 1252 Simi-

542 1292 692 1356 liter
753 1308 878 1355 non
945 1292 1242 1367 mutat-ur,
1310 1292 1440 1355 sive
1508 1310 1653 1357 cum
1720 1293 2416 1375 interrogatione,
2484 1292 2617 1355 sive
2668 1289 2977 1353 indica-

539 1392 708 1455 tivo
752 1392 1011 1474 legatur.
1069 1427 1142 1437 —·
1189 1390 1384 1469 „Tibi
1421 1393 1548 1477 ipsi
1587 1391 1739 1455 habe
1780 1415 1990 1457 coram
2033 1393 2229 1456 Deo.“
2321 1393 2475 1458 Vult
2519 1392 2777 1455 dicere:
2839 1389 2976 1453 Per-

539 1493 903 1557 suasionem
947 1492 1124 1557 illam
1169 1495 1344 1556 tuam
1388 1493 1549 1558 habe
1593 1495 1783 1571 intuS,
1845 1495 1911 1559 in
1954 1496 2164 1559 animo
2209 1512 2419 1559 coram
2465 1494 2598 1556 Deo
2640 1491 2878 1575 judice,
2920 1491 2975 1553 et

539 1594 675 1657 noli
718 1594 892 1657 illam
939 1593 1104 1657 foras
1147 1594 1472 1658 ostendere
1531 1613 1725 1676 eaque
1788 1596 1881 1659 uti
1942 1612 2087 1660 cum
2133 1596 2394 1678 proximi
2452 1594 2857 1658 detrimento.
2906 1627 2969 1636 —

545 1694 843 1772 „Beatam
885 1695 994 1780 qui
1033 1716 1156 1757 non
1181 1694 1438 1784 judicat
1477 1717 1538 1759 se
1577 1697 1781 1781 ipsum
1800 1697 1869 1759 in
1892 1718 1981 1774 ec,
2024 1696 2187 1781 quod
2220 1694 2511 1781 probat.“
2552 1694 2719 1759 Vult
2744 1693 2970 1757 dicere:

539 1796 800 1873 Beatus-3,
868 1797 973 1877 qui
1039 1814 1106 1860 se
1147 1796 1356 1879 ipsum
1422 1815 1544 1862 non
1611 1799 1987 1862 condemnat
2030 1797 2289 1861 interius
2346 1797 2437 1880 (in
2479 1795 2611 1860 foro
2660 1794 2967 1859 conscien-

536 1896 687 2009 tiae)
731 1896 794 1959 in
841 1915 925 1971 re,
975 1915 1162 1978 quam
1209 1898 1472 1961 exterius
1519 1898 1717 1983 (actu)
1762 1899 2103 1981 approbat,
2157 1917 2299 1962 seu:
2346 1898 2599 1975 BeatuS‚
2650 1896 2765 1978 qui
2810 1894 2968 1958 nulla
3026 1961 3033 1965 ,

538 1997 602 2061 in
643 2016 708 2061 re
759 1998 890 2079 agit
932 2001 1150 2061 contra
1196 1998 1609 2063 conscientiae
1657 2018 1803 2064 suae
1849 2000 2183 2065 dictamen.

739 2098 816 2161 V.
862 2099 964 2163 23.
1011 2096 1186 2176 „Qui
1225 2119 1367 2161 vero
1411 2098 1715 2179 dubitae‘,
1760 2101 1799 2166 i.
1846 2120 1897 2165 e.
1947 2101 2053 2183 qui
2091 2118 2233 2165 vero
2276 2100 2453 2164 illam
2502 2058 2963 2182 persuasionem

542 2216 665 2263 non
710 2199 920 2276 habet,
965 2201 1206 2265 scilicet
1248 2201 1431 2265 licere
1476 2202 1803 2283 quibusvis
1847 2203 2003 2267 cibis
2050 2203 2234 2267 vesci.
2311 2204 2687 2281 διακρίνομαι
2736 2198 2960 2285 (med.)

537 2299 772 2364 dubito.
821 2341 900 2351 -
945 2300 1067 2379 „Si
1105 2301 1612 2365 manducaven'ff‘
1613 2352 1634 2381 ‚
1675 2304 1715 2367 i.
1763 2324 1815 2367 e.
1864 2304 1919 2367 si
1962 2308 2174 2369 tamen
2220 2303 2697 2368 manducaverit
2740 2300 2959 2373 cibum,

543 2418 726 2482 quem
788 2401 1078 2465 illicitum
1141 2402 1265 2466 sibi
1319 2405 1514 2486 putat.
1577 2441 1654 2450 —
1718 2405 2117 2483 „Damnatus
2174 2408 2320 2483 esff‘,
2378 2405 2419 2469 i.
2467 2423 2518 2467 e.
2566 2422 2713 2468 reus
2772 2402 2957 2466 factus
3144 2470 3146 2475 .

536 2507 629 2564 est
673 2503 928 2583 peccati.
1020 2507 1226 2584 κρίνειν
1268 2504 1326 2567 h.
1374 2505 1415 2568 l.
1463 2506 1629 2569 idem
1674 2525 1747 2571 ao
1792 2510 2179 2585 κατακρίνεὶνς
2224 2511 2287 2570 et
2329 2506 2750 2585 κατακέκριται,
2800 2504 2958 2567 dam·
3144 2492 3146 2515 ⁵

542 2604 728 2665 natus
775 2602 888 2677 est,
937 2604 1070 2667 scil.
1116 2605 1374 2686 peccati,
1422 2619 1532 2669 seu
1575 2626 1718 2671 reus
1761 2608 1964 2673 factus
2008 2613 2102 2673 est
2155 2608 2411 2691 peccati.
2462 2645 2541 2654 -
2584 2605 2810 2685 „Quia
2850 2625 2957 2667 non

536 2723 612 2765 αι·
636 2701 834 2785 fldd‘,
897 2703 934 2766 i.
982 2722 1033 2768 e.
1082 2706 1230 2787 quia
1285 2723 1408 2769 non
1472 2708 1602 2772 edit
1653 2710 1833 2792 Juxta
1890 2710 2083 2775 animi
2142 2711 2626 2794 persuasionem,
2686 2728 2796 2773 seu
2842 2706 2955 2769 dic-

535 2803 745 2867 tamen
805 2805 1220 2869 conscientiae
1267 2825 1432 2871 suae.
1523 2809 1713 2873 Hisce
1774 2812 1987 2875 ratio
2045 2812 2324 2876 redditur
2386 2812 2537 2876 dicti
2598 2810 2839 2894 prioris.
2888 2842 2950 2853 -

533 2902 775 2981 „Omne
817 2913 1038 2984 autem,
1099 2906 1262 2991 quod
1303 2929 1425 2971 non
1467 2930 1544 2972 ex
1569 2910 1726 2993 fide,
1758 2921 2074 2997 peccatum
2118 2917 2287 2993 ρπβ(
2330 2913 2368 2976 i.
2412 2932 2462 2976 e.
2499 2930 2685 2977 omne
2734 2913 2952 2983 autem,

539 3005 699 3086 quod
743 3024 865 3070 non
912 3007 982 3070 fit
1019 3007 1198 3090 juxta
1242 3010 1437 3073 animi
1484 3014 1954 3092 persuasionem
2014 3034 2121 3079 seu
2171 3014 2481 3079 dictamen
2528 3011 2949 3085 conscientiae,

533 3110 862 3187 peccatum
934 3110 1046 3173 est.
1153 3109 1306 3173 Inde
1388 3112 1622 3190 elucet,
1693 3114 2041 3192 hominem,
2124 3116 2609 3198 quotiescunque
2681 3115 2951 3179 contra

537 3207 730 3269 animi
802 3209 1286 3290 persuasionem,
1352 3212 1390 3275 i.
1460 3232 1509 3276 e.
1579 3218 1862 3280 contra
1926 3217 2337 3281 conscientiae
2418 3218 2733 3281 dictamen
2812 3213 2945 3296 agisss

531 3324 907 3388 peccare,
955 3309 1185 3374 sivesit
1210 3312 1593 3377 conscientia
1639 3314 1771 3397 eJ'us
1815 3320 2081 3393 recta,
2131 3318 2259 3382 sive
2304 3335 2665 3381 erronea.
2735 3315 2945 3400 „Nam

530 3408 687 3470 dicit
747 3427 797 3471 ε.
872 3409 1251 3490 ThomaS,
1335 3418 1514 3479 actus
1591 3415 1952 3498 judicantur
2032 3420 2373 3483 secundum
2444 3418 2941 3483 voluntatem

533 3508 898 3589 agentium3
963 3512 1251 3581 voluntas
1327 3516 1537 3579 autem
1606 3522 1893 3582 movetur
1935 3537 1971 3582 a
2013 3538 2079 3582 re
2146 3520 2546 3602 apprehensa.
2637 3520 2819 3585 Unde
2872 3516 2941 3579 in

533 3608 612 3673 id
660 3610 942 3675 voluntas
986 3612 1205 3689 tendit,
1251 3616 1408 3697 quod
1458 3617 1514 3680 ei
1560 3617 1655 3681 vis
1707 3620 2095 3701 apprehensa
2136 3624 2577 3703 repraesentat,
2622 3621 2689 3684 et
2730 3636 2933 3683 seeun-

526 3710 678 3773 dum
723 3710 842 3775 hoc
888 3712 1281 3793 qualificatur
1323 3716 1421 3779 vel
1466 3717 1855 3799 specificatur
1897 3721 2077 3784 actio.
2138 3720 2205 3789 Si
2248 3722 2441 3803 igitur
2480 3721 2637 3785 ratio
2681 3719 2931 3802 alicujus

524 3810 762 3893 judicet
806 3811 1039 3893 aliquid
1082 3819 1544 3895 peccatum,
1617 3822 1680 3881 et
1736 3820 2019 3884 voluntas
2076 3822 2273 3885 fertur
2332 3822 2396 3888 in
2454 3822 2518 3886 id
2571 3822 2929 3894 faciendum,

525 3912 928 3976 manifestum
997 3918 1109 3990 est,
1195 3916 1359 3997 quod
1437 3917 1625 3983 homo
1703 3920 1895 3985 habet
1973 3923 2495 3987 voluntatem
2576 3920 2929 3989 faciendi

522 4017 992 4093 peccatum,
1039 4017 1104 4077 et
1145 4014 1233 4079 ita
1278 4018 1501 4081 actio
1540 4020 1673 4105 eJus
1717 4022 1994 4101 exterior,
2055 4041 2209 4104 quae
2266 4024 2639 4089 informatur
2703 4044 2776 4091 ex
2833 4040 2929 4087 vo·

521 4113 786 4191 luntate,
854 4118 1284 4196 peccatum
1344 4119 1495 4183 est.“
1602 4119 1899 4186 Nonnulli
1951 4123 2029 4187 N.
2093 4124 2163 4189 Τ.
2226 4124 2491 4191 editores
2554 4124 2923 4208 (Griesbach,

523 4214 831 4285 Matthaei
877 4220 938 4281 et
982 4218 1117 4300 alii)
1175 4238 1340 4285 nunc
1395 4220 1458 4284 in
1523 4222 1653 4285 suis
1698 4224 2072 4289 editionibus
2134 4226 2653 4311 doxologiam
2716 4242 2923 4293 annec-

523 4317 688 4394 tunt,
735 4335 892 4408 quae
935 4319 1000 4383 in
1045 4322 1254 4391 nostra
1298 4321 1667 4409 Vulgata
1712 4324 1801 4414 (et
1841 4325 2205 4399 Lachmann
2262 4331 2447 4419 atque
2507 4324 2919 4408 Tischendorf)
