3234 4992
1237 239 1349 293 0⁸1>-
1373 242 1494 283 xlv.
1515 252 1566 283 v.
1591 244 1759 283 12—13.
2583 247 2711 311 225

261 424 574 489 omnibus
599 404 1009 508 agnoscendo,
1057 432 1120 491 et
1157 445 1279 492 non
1303 428 1379 491 de
1405 426 1652 492 Christo
1686 430 1964 494 omnium
2001 429 2289 513 judice
2332 430 2705 508 constitut03

261 528 400 602 ast,
447 527 591 608 quia
635 526 924 592 Christus
968 530 1039 592 ut
1081 530 1290 592 Deus
1347 530 1425 593 ab
1487 528 1777 592 omnibus
1819 529 1885 592 in
1928 532 2197 594 extremo
2234 531 2469 613 Judicio
2514 549 2705 613 agno·-

261 629 526 704 scetur,
589 631 904 712 apostolus
956 629 1095 713 jure
1151 631 1396 712 poterat
1452 630 1564 693 illa
1617 628 1869 696 Jesaiae
1928 631 2116 695 verba
2178 631 2258 695 ad
2316 636 2704 714 praesentem

261 728 611 793 materiam
637 732 1123 795 accommodare.
1148 767 1235 775 —
1255 777 1294 808 „
1313 730 1465 793 Vivo
1490 736 1658 815 eyo“,
1702 731 1739 794 i.
1768 751 1820 793 e.
1844 750 1959 813 per
1979 730 2170 795 vitam
2197 750 2401 795 meam
2440 732 2700 796 affirmo,

266 826 531 895 Verba:
576 831 782 896 Vivo
827 851 972 915 ego
1019 831 1139 917 (ζῶ
1161 832 1467 916 &annunt
1488 831 1756 896 formula
1790 832 2153 914 jurandi,
2200 836 2263 896 et
2286 834 2495 897 valent
2536 833 2705 898 idem

259 946 380 993 ac:
428 950 541 1013 per
582 933 775 997 vitam
823 952 1052 998 meam.
1119 934 1193 998 In
1239 935 1412 997 textu
1454 933 1719 997 hebraeo
1764 933 2026 1015 legitur:
2072 934 2160 997 In
2205 934 2703 1015 memetipso

247 1028 592 1110 juravi,
639 1034 677 1096 i.
727 1054 778 1097 e.
823 1054 936 1117 per
980 1054 1078 1097 me
1126 1035 1333 1116 ipsum
1370 1034 1530 1116 juro.
1580 1070 1655 1079 -—
1704 1032 1923 1111 „Dicit
1964 1033 2289 1112 Dominus,
2348 1032 2511 1118 quod
2552 1034 2704 1096 mihi

235 1130 462 1213 flectet
500 1154 562 1195 se
604 1156 776 1197 omne
814 1157 989 1220 yenu,
1033 1144 1090 1197 ct
1130 1136 1325 1197 omnis
1367 1133 1580 1219 linqua
1613 1133 2003 1218 profitebitur
2044 1134 2249 1197 Deum
2261 1140 2326 1215 ,·“
2368 1134 2406 1196 i.
2448 1152 2498 1197 e.
2540 1135 2702 1215 quod

255 1248 490 1295 omnes
534 1232 814 1299 homines
857 1256 960 1301 me
1003 1236 1348 1300 adorabunt
1392 1240 1454 1299 et
1499 1255 1600 1300 me
1647 1238 1717 1299 ut
1758 1236 2105 1299 Dominum
2155 1240 2217 1297 et
2260 1235 2463 1297 Deum
2512 1253 2695 1297 suum

255 1332 741 1414 profitebuntur.
793 1373 865 1383 —
917 1335 1142 1401 Genu
1185 1336 1540 1401 flectere
1600 1342 1696 1401 est
1752 1338 1999 1419 signum
2061 1337 2381 1400 externum
2440 1334 2698 1398 humilis

255 1432 680 1515 subjectionis
737 1441 800 1500 et
854 1438 1228 1503 adorationis
1288 1438 1393 1520 (of.
1446 1441 1542 1515 ll,
1587 1440 1702 1521 4.).
1794 1436 2282 1518 ἐξομολογεῖσθαι
2323 1438 2435 1496 τινὶ
2478 1452 2699 1517 Saepez

255 1534 639 1615 laudare,
708 1537 1048 1619 celebrare3
1113 1540 1222 1603 sed
1264 1539 1326 1602 h.
1373 1540 1436 1618 l.,
1498 1540 1604 1604 ubi
1651 1540 1725 1603 de
1766 1539 2001 1621 judicio
2062 1556 2265 1602 sermo
2310 1539 2423 1613 est,
2486 1536 2697 1599 notat:

254 1653 298 1716 p
325 1653 360 1698 r
381 1652 416 1697 o
432 1635 465 1699 f
473 1636 494 1699 i
515 1638 689 1700 teri.

474 1738 548 1802 V.
614 1740 709 1803 12.
778 1740 1038 1825 „Itaque
1099 1742 1506 1827 unusquisque
1566 1751 1840 1805 nostram
1890 1762 2016 1826 pro
2080 1762 2142 1803 se
2202 1739 2337 1824 ipso
2400 1739 2699 1800 rationem
2742 1780 2751 1789 -

255 1836 486 1899 reddet
525 1838 723 1902 Deo.“
811 1840 966 1905 Vult
1021 1842 1252 1906 dicere:
1314 1842 1522 1921 Quum
1581 1861 1726 1926 ergo
1795 1842 2218 1924 unusquisque
2262 1842 2543 1903 nost-rum
2589 1857 2696 1921 pro

258 1956 334 2001 se
411 1940 488 2001 de
556 1939 739 2004 factis
806 1943 1069 2024 propriis
1135 1943 1486 2007 redditurus
1553 1943 1635 2007 sit
1698 1944 2000 2007 rationem
2047 1943 2190 2005 Deo.
2281 1940 2491 2004 Verba
2544 1938 2697 2003 haec

255 2042 416 2102 sunt
463 2040 755 2104 illatio
799 2061 872 2105 ex
914 2044 1445 2125 praecedentibuS,
1493 2044 1627 2108 scil.
1678 2043 1987 2107 sistendos
2030 2061 2140 2106 nos
2176 2060 2313 2105 esse
2357 2058 2569 2103 omnes
2616 2040 2694 2102 ad

255 2140 548 2205 tribunal
595 2139 844 2206 Christi.

477 2241 551 2306 V.
602 2244 700 2307 13.
746 2244 895 2322 „Ne
935 2245 1128 2329 iqimr
1169 2266 1281 2308 noe
1321 2245 1576 2308 invicem
1602 2244 1953 2334 judicemus
1968 2248 2035 2323 ,·“
2092 2244 2131 2307 i.
2178 2262 2229 2306 e.
2277 2261 2355 2306 ne
2398 2241 2689 2323 ampliuS,

255 2344 362 2407 uti
405 2343 748 2426 hucusque,
808 2362 920 2410 nos
982 2346 1254 2410 invicem
1290 2345 1666 2428 judicemuS,
1726 2346 2147 2427 relinquentes
2198 2342 2503 2425 judicium
2561 2341 2689 2404 Do-

256 2444 458 2521 min0,
504 2445 686 2509 unico
732 2446 1012 2510 omnium
1049 2446 1260 2529 judici.
1305 2482 1391 2493 —
1435 2446 1761 2511 Sententia
1815 2447 1932 2510 hac
1974 2445 2338 2529 perstringit
2396 2446 2529 2507 tam
2575 2444 2689 2506 in-

256 2544 600 2609 firmum
643 2545 764 2610 fide
808 2547 891 2627 (v.
942 2546 1046 2631 1.),
1093 2566 1277 2629 quam
1323 2548 1511 2612 firm
1531 2567 1684 2624 um;
1732 2566 1878 2612 nam
1911 2548 2072 2629 quod
2114 2546 2329 2610 firmus
2371 2544 2691 2609 infirmum

257 2649 693 2710 contemneret
738 2647 824 2730 (v.
871 2648 981 2731 3.),
1020 2648 1327 2730 judicium
1373 2649 1685 2730 quoddam
1746 2651 1811 2714 in
1854 2648 2118 2712 eundem
2164 2646 2497 2711 exercebat.
2587 2645 2689 2708 Ad

255 2747 656 2829 praesentem
719 2748 927 2812 locum
990 2747 1276 2812 Estius
1341 2751 1498 2813 bene
1567 2754 1815 2827 monet,
1877 2749 2181 2832 judicium
2246 2748 2486 2831 proprie
2554 2765 2689 2809 esse

258 2864 481 2911 earum
525 2868 752 2926 rerum,
799 2844 954 2931 quae
990 2869 1098 2931 per
1141 2868 1208 2913 se
1253 2868 1403 2913 non
1447 2850 1657 2914 satis
1702 2851 2033 2933 patent3
2080 2849 2328 2912 namin
2370 2867 2436 2911 re
2481 2847 2687 2910 mani-

260 2947 434 3011 festa
478 2948 634 3013 nihil
690 2966 845 3031 opus
909 2953 1006 3013 est
1057 2950 1310 3031 judicio,
1375 2968 1492 3031 quo
1547 2951 1845 3015 nimirum
1906 2949 2289 3013 discernatur
2329 2966 2403 3011 ac
2450 2947 2687 3029 dijude-

256 3049 454 3126 cetur,
503 3051 705 3130 qualis
752 3051 852 3114 sit.
899 3086 986 3096 —-
1026 3050 1197 3130 „Sed
1237 3052 1344 3114 hoc
1375 3052 1588 3136 potius
1613 3050 1965 3140 judicate“,
2021 3050 2061 3113 i.
2110 3070 2160 3114 e.
2208 3050 2317 3113 sed
2360 3048 2477 3111 hoc
2520 3048 2687 3129 apud

257 3168 370 3214 vos
415 3149 554 3231 (seu
609 3152 674 3214 in
733 3152 971 3235 animo)
1029 3152 1306 3217 statuite.
1394 3153 1516 3216 Hic
1575 3153 1802 3216 iterum
1863 3169 2211 3215 sermonem
2258 3149 2563 3213 convertit
2608 3149 2685 3213 ad

257 3250 448 3315 firm
471 3269 552 3315 os
595 3252 735 3331 fide,
782 3253 1006 3334 quibus
1050 3272 1412 3336 persuasum
1461 3256 1648 3332 esset,
1695 3253 2058 3318 christianos
2103 3251 2346 3335 legibus
2390 3249 2685 3315 Mosaicis

255 3353 595 3418 ritualibus
639 3354 900 3418 minime
944 3356 1157 3433 teneri,
1205 3373 1429 3439 eosque
1473 3356 1785 3432 admonet,
1833 3359 1903 3419 ut
1946 3358 2223 3432 caveant,
2289 3373 2385 3431 ne,
2446 3371 2559 3417 sua
2606 3354 2685 3417 ab

259 3456 408 3519 istis
453 3455 700 3539 legibus
759 3455 1044 3520 libertate
1101 3457 1367 3535 utentes,
1431 3456 1693 3520 infirmis
1749 3455 1869 3520 fide
1912 3455 2246 3537 praebeant
2301 3454 2686 3518 occasionem

256 3556 548 3621 ruinae
593 3577 654 3620 m
675 3557 947 3622 oraliS.
1002 3595 1072 3605 -
1119 3558 1316 3636 „Non
1345 3579 1576 3644 ponere
1634 3555 2063 3643 offendiculum
2104 3555 2320 3641 fratri
2364 3564 2475 3619 aut
2514 3577 2685 3617 scan-

258 3656 542 3736 dalum“,
585 3659 622 3722 i.
653 3678 700 3722 e.
729 3678 838 3751 ne„
871 3659 1160 3723 libertate
1183 3664 1388 3723 vestra
1417 3660 1681 3734 utentes,
1734 3658 2120 3722 occasionem
2168 3656 2467 3740 peccandi
2508 3655 2685 3719 fratri

258 3758 629 3841 praebeatis,
734 3760 1047 3824 Ponere
1105 3760 1292 3824 alicui
1349 3759 1963 3823 offendiculum
2034 3761 2143 3822 aut
2199 3758 2683 3822 scandalum

258 3859 684 3940 metaphorice
745 3860 1034 3925 denotat:
1097 3861 1283 3925 alicui
1342 3861 1486 3925 dare
1541 3861 1926 3925 occasionem
1987 3859 2293 3942 peccandi.
2354 3894 2441 3903 --
2498 3854 2682 3936 πρόσ-

257 3982 460 4039 κομμα
503 3962 600 4024 est
642 3979 824 4025 omne
882 3961 964 4037 id,
1027 3961 1093 4025 in
1150 3962 1310 4043 quod
1350 3962 1504 4044 pede
1547 3962 1978 4045 impingimuS,
2025 3977 2169 4043 ergo
2213 3959 2681 4035 offendiculum3

260 4060 405 4123 dein
471 4062 890 4143 metaphorice
951 4062 1177 4125 dicitur
1237 4079 1418 4125 omne
1463 4062 1544 4140 id,
1606 4064 1770 4144 quod
1832 4061 2034 4125 irritat
2094 4062 2279 4141 atque
2342 4058 2553 4137 efficit,
2614 4062 2683 4123 ut

259 4165 476 4226 contra
518 4164 988 4245 persuasionem
1033 4166 1097 4227 et
1139 4162 1585 4227 conscientiam
1632 4164 1769 4245 quis
1814 4166 1979 4245 agat,
2040 4162 2081 4225 i.
2129 4180 2181 4224 e.
2227 4162 2477 4243 peccet;
2536 4160 2681 4224 hinc

259 4279 500 4326 causa
546 4264 852 4326 erroris
896 4264 1334 4354 injudicando,
1382 4264 1479 4327 vel
1522 4281 1769 4328 causa
1813 4262 2174 4345 peccati,
2222 4265 2291 4326 ut
2335 4262 2395 4325 h.
2441 4262 2481 4325 1.
2529 4261 2684 4326 Fere

259 4362 428 4428 idem
471 4382 543 4428 ac
583 4360 929 4441 σκάνδαλον,
978 4364 1052 4427 de
1097 4382 1218 4445 qua
1259 4382 1405 4428 voce
1449 4363 1604 4428 conl.
1651 4364 1710 4440 9,
1756 4365 1855 4428 33.
1928 4364 2094 4428 Bene
2140 4366 2315 4428 notat
2356 4362 2680 4426 Estius:

259 4463 574 4546 Duplex
633 4465 764 4529 erat
818 4464 1063 4529 infirmo
1122 4464 1498 4547 periculum;
1557 4465 1659 4529 vel
1718 4483 1794 4527 ne
1853 4463 2131 4543 fratrem,
2201 4462 2450 4547 quosvis
2508 4462 2680 4526 cibos

461 4578 832 4622 Commentariun.
2401 4564 2480 4629 15
