3234 4992
1174 259 1284 313 cap.
1313 261 1396 306 111.
1427 269 1473 302 v.
1499 261 1665 303 sr-ae.
2556 259 2637 327 57

215 445 446 522 merita,
492 449 752 528 peccata
795 450 860 511 et
902 465 1132 530 poenas
1189 452 1585 532 peccatorum
1652 451 1839 531 atque
1904 447 1972 512 in
2037 447 2305 530 gratiam
2369 465 2473 511 eos
2544 467 2638 512 re-

213 547 502 630 cipiendo.
557 584 636 594 —
684 549 740 609 lv
781 554 873 626 τῷ
911 553 1012 611 νῦν
1054 555 1258 630 καιρῷ,
1299 551 1447 616 hoc
1489 555 1891 632 tempore,
1936 550 1974 613 i.
2002 568 2053 613 e.
2100 553 2395 631 tempore,
2440 567 2479 613 a
2520 568 2639 632 quo

217 645 494 712 Christus
543 667 731 714 suum
775 668 930 734 opus
975 651 1417 734 redemptionis
1461 651 1807 735 perfecerat
1850 651 2017 732 (coll.
2042 668 2097 714 v.
2124 651 2224 714 21.
2274 648 2407 715 Gal.
2432 651 2493 727 4,
2530 651 2637 733 4.).

213 783 288 795 —-
331 749 436 814 Ut
479 749 668 832 ipse
725 751 1016 835 justus
1083 756 1338 830 esset,
1405 753 1446 817 i.
1493 773 1544 817 e.
1591 756 1667 816 ut
1721 753 1857 835 ipse
1892 752 2102 834 justus
2168 751 2463 834 appareat
2528 769 2639 816 seu

217 850 654 934 conspiciatur.
704 852 742 914 o‘
787 856 850 915 ἐκ
891 857 1160 930 neb-teme,
1203 854 1440 919 scilicet
1493 852 1594 929 eir,
1666 854 1771 936 qui
1816 871 1888 917 ex
1930 853 2051 916 fide
2094 855 2225 928 est3
2270 851 2429 934 quod
2472 851 2638 916 idem

211 955 302 1014 est
343 968 453 1016 ac:
500 953 612 1035 qui
653 955 848 1019 credit
893 955 997 1034 (cf.
1040 956 1103 1034 2,
1147 955 1251 1038 8.).
1316 953 1525 1037 Ἰησοῦ
1567 955 1663 1018 est
1702 953 2013 1038 genitivus
2067 952 2425 1037 objecti,
2494 954 2639 1018 hinc

210 1049 367 1116 idem
412 1071 488 1117 ac
533 1053 691 1120 fides
733 1056 813 1120 in
855 1057 1096 1134 Jesum,
1143 1059 1338 1128 πίστις
1378 1063 1462 1128 εἰς
1501 1056 1751 1137 Ἰησοῦν.

405 1153 482 1218 V.
529 1155 636 1220 27.
685 1155 866 1234 „Ubi
909 1167 996 1220 cst
1037 1179 1176 1243 erqo
1217 1158 1586 1248 ylorp’atio‘q
1630 1158 1807 1240 quasi
1850 1156 2113 1222 diceret:
2158 1155 2410 1220 Numne
2434 1155 2636 1221 adhuc

212 1253 372 1318 locus
418 1260 520 1320 est
587 1259 992 1342 gloriationi?
1075 1261 1291 1325 Posita
1358 1260 1749 1344 praecedenti
1815 1259 2091 1323 doctrina
2160 1257 2245 1340 (v.
2314 1258 2634 1341 23—26.),

212 1356 502 1422 nimirum
559 1377 863 1438 omnes,
924 1361 1198 1426 Judaeos
1265 1362 1328 1425 et
1369 1362 1680 1446 gentiles,
1746 1364 2238 1444 peccatores
2305 1378 2503 1437 esse,
2569 1364 2633 1425 et

213 1455 514 1537 justitiam
566 1479 693 1526 non
739 1482 812 1526 ex
869 1463 1293 1546 operibu·S,
1357 1463 1468 1528 sed
1511 1481 1549 1527 a
1591 1462 1626 1526 f
1637 1463 1767 1526 ide
1828 1462 1893 1525 in
1940 1455 2271 1526 Christum
2303 1462 2631 1544 petendam

219 1575 364 1637 esse,
410 1562 736 1643 apostolus
781 1563 1094 1628 Judaeum
1139 1565 1515 1642 Romanum,
1564 1564 1669 1646 qui
1716 1583 1782 1627 se
1827 1562 2163 1646 gentilibus
2221 1562 2629 1644 praeferebat,

220 1655 572 1744 interrogat,
637 1663 742 1727 ubi
787 1667 883 1728 est
945 1665 1092 1748 glo
1111 1685 1144 1728 r
1165 1666 1186 1729 i
1211 1684 1307 1729 an
1331 1666 1413 1729 di
1477 1667 1636 1729 ratio
1698 1665 1765 1728 in
1810 1665 1937 1728 toto
1998 1664 2113 1729 hoc
2168 1663 2633 1746 justificationis

217 1761 456 1841 negotio
477 1765 510 1826 Ρ
553 1800 645 1810 -
686 1764 775 1829 Ut
821 1767 1082 1830 orationi
1127 1767 1429 1849 majorem
1457 1769 1588 1832 vim
1611 1767 1869 1844 tribuat,
1915 1766 2111 1831 utitur
2132 1764 2332 1829 forma
2376 1766 2555 1831 inte
2575 1787 2633 1830 ι·-

216 1863 607 1944 rogativa.
652 1901 738 1912 —
781 1866 1104 1945 „Evcluea
1149 1873 1300 1949 est‘ss
1343 1869 1516 1950 quasi
1540 1869 1809 1931 diceret:
1856 1867 2085 1931 Nullus
2108 1867 2199 1930 illi
2224 1866 2631 1953 (gloriationi)

220 1961 476 2044 amplius
519 1966 694 2031 locus
737 1968 990 2032 relictus
1033 1969 1143 2046 est,
1205 1969 1340 2034 ideo
1404 1969 1721 2045 nimirum,
1796 1968 1941 2050 quia
2002 1969 2066 2032 id
2134 1969 2632 2034 demonstratum

220 2064 322 2127 est.
363 2099 438 2110 ——
486 2065 662 2144 „Per
703 2091 888 2153 quam
931 2068 1157 2154 leqem?
1199 2071 1528 2156 opemmw
1570 2069 1726 2134 Vult
1750 2069 1982 2134 dicere:
2028 2069 2196 2134 Num
2235 2068 2360 2133 fors
2384 2071 2634 2136 exclusa

220 2165 302 2224 est
341 2183 449 2246 per
469 2167 681 2252 legem
719 2187 975 2253 operum
997 2175 1029 2236 Ρ
1075 2191 1219 2237 seu:
1264 2192 1414 2237 num
1459 2172 1581 2237 fors
1626 2170 2061 2254 gloriationem
2105 2169 2373 2234 excludit
2417 2189 2489 2234 ea
2532 2171 2629 2235 lex

223 2260 558 2353 (Mosaica),
607 2287 764 2352 quae
807 2290 990 2355 opera
1035 2273 1134 2338 edi
1171 2273 1405 2356 Jubet?
1446 2310 1532 2322 —
1572 2273 1790 2351 „Nom
1813 2293 1931 2357 per
1962 2270 2145 2356 leqem
2171 2270 2371 2354 fidei“
2389 2294 2413 2352 ;
2454 2273 2632 2354 quasi

220 2362 464 2432 diceret:
511 2369 676 2448 Non,
725 2373 836 2437 sed
879 2392 988 2456 per
1029 2375 1257 2457 legem,
1305 2393 1458 2456 quae
1500 2375 1689 2438 fidem
1733 2374 2029 2456 postulat,
2076 2377 2139 2436 et
2154 2373 2471 2455 justitiam
2505 2373 2627 2438 fide

219 2468 408 2544 quaeri
443 2469 648 2552 jubet.
700 2507 773 2519 —-
823 2474 980 2538 Lex
1023 2476 1090 2540 M
1111 2476 1286 2540 osai
1310 2493 1400 2540 ca
1443 2476 1815 2540 beatitatem
1860 2475 2266 2558 promittebat
2309 2475 2455 2552 illis,
2523 2477 2623 2558 qui

221 2565 426 2634 divinis
467 2575 821 2657 praeceptis
865 2577 1032 2641 illius
1078 2577 1412 2659 paruerint,
1474 2577 1784 2659 operando
1827 2594 1930 2653 ea,
1997 2595 2154 2658 quae
2217 2577 2630 2658 praecipiebat

222 2664 406 2747 (νόμος
469 2674 715 2758 ἐργῶν);
781 2675 928 2742 hinc
994 2677 1037 2742 J
1042 2677 1240 2754 udaei,
1308 2677 1458 2741 dum
1501 2678 1600 2742 vel
1642 2677 2016 2758 quibusdam
2082 2677 2217 2759 eJus
2282 2678 2630 2760 praeceptis

223 2768 694 2856 satisfaciebant,
739 2796 970 2861 magna
1014 2798 1080 2843 se
1135 2778 1351 2842 fecisse
1415 2778 1869 2862 gloriabantur,
1936 2778 2165 2844 honore
2230 2781 2293 2842 et
2355 2780 2629 2862 praemio

225 2885 280 2930 se
339 2872 558 2959 dignos
615 2879 956 2961 jactabant.
1050 2878 1546 2956 Christiana
1607 2898 1797 2943 vero
1864 2879 2246 2962 religio,
2318 2883 2623 2961 quatenus

225 2973 492 3043 omnibus
538 2978 898 3044 hominibus
960 2980 1661 3045 reconciliatione
1726 2999 1878 3063 opus
1924 2999 2057 3044 esse
2103 2980 2302 3056 docet,
2350 2981 2627 3063 hancque

225 3066 334 3135 illis
375 3095 483 3158 per
553 3077 880 3145 Christi
943 3082 1272 3159 merita,
1339 3100 1372 3143 e
1417 3083 1696 3164 gratia
1761 3081 1876 3146 Dei
1920 3081 2276 3164 contingere
2321 3081 2527 3160 edicit,
2572 3082 2626 3145 si

228 3167 256 3230 f
263 3170 330 3236 id
351 3194 459 3242 em
531 3179 804 3246 habeant
868 3182 1058 3265 (unde
1119 3183 1182 3246 et
1244 3180 1429 3262 νόμος
1489 3183 1785 3265 πίστεως),
1856 3181 2205 3264 superbiam
2272 3181 2503 3264 frangit
2568 3183 2631 3246 et

226 3271 633 3350 gloriationem
662 3283 736 3346 de
759 3301 990 3367 magno
1035 3285 1303 3365 quodam
1351 3302 1604 3367 operum
1651 3283 2035 3365 propriorum
2081 3282 2302 3345 merito
2342 3281 2623 3359 cohibet;

226 3373 278 3434 ⁶13
316 3381 596 3457 quamvis
641 3382 796 3448 fides
842 3384 907 3447 in
951 3383 1236 3448 fidelibus
1279 3385 1489 3449 bona
1534 3400 1776 3466 opera
1819 3383 2134 3464 producat,
2179 3385 2397 3446 tamen
2420 3384 2624 3448 omnis

227 3472 492 3552 gloriatio
535 3483 611 3547 de
653 3483 732 3548 iis
775 3485 988 3566 procul
1028 3503 1162 3550 esse
1188 3485 1402 3562 debet3
1447 3503 1590 3549 nam
1622 3502 1868 3565 semper
1891 3501 2195 3548 memores
2221 3502 2354 3548 esse
2376 3485 2624 3565 debent,

225 3569 370 3642 bona
408 3599 594 3666 opera
638 3603 710 3665 se
753 3604 873 3650 non
917 3605 1001 3650 ex
1045 3606 1163 3663 se,
1213 3586 1319 3650 sed
1363 3585 1703 3668 opitulante
1748 3584 2025 3668 gratia
2091 3585 2376 3650 divina
2440 3605 2620 3669 pere-

227 3674 388 3754 gisse.
430 3720 516 3731 —
559 3684 1107 3769 Opponuntur
1149 3688 1210 3753 h.
1257 3688 1298 3752 1.
1347 3688 1468 3752 sibi
1510 3688 1776 3752 invicem
1820 3687 1945 3750 lex
2008 3703 2339 3769 operum
2384 3689 2446 3752 et
2488 3689 2617 3752 lex

227 3771 427 3849 fidei.
514 3787 768 3851 Poterat
829 3790 1164 3871 utrumque
1229 3791 1372 3870 apte
1431 3787 1742 3871 designari
1783 3805 1933 3852 voce
1997 3784 2181 3867 νόμος
2225 3787 2409 3872 (lex);
2474 3807 2617 3852 nam

231 3877 398 3948 etiam
445 3884 678 3952 Christi
723 3889 939 3971 religio
984 3892 1430 3973 praecepta
1493 3889 1714 3966 habet,
1784 3897 1847 3952 et
1910 3889 2305 3971 primarie
2370 3889 2620 3970 quidem

228 3973 458 4050 fidem
501 3989 721 4070 poscit,
781 4008 892 4072 per
935 4008 1124 4073 quam
1183 3983 1423 4054 fructus
1489 3991 1849 4054 meritorum
1914 3987 2148 4053 Christi
2207 3988 2619 4053 obtineantur.

228 4073 593 4153 Discriminis
637 4090 846 4154 autem
892 4109 1082 4154 causa
1124 4091 1436 4172 utrimque
1483 4091 1694 4155 addita
1738 4094 1831 4154 est
1877 4107 2008 4168 vox,
2055 4108 2212 4171 quae
2244 4090 2619 4171 peculiarem

229 4175 562 4253 indolem
607 4191 924 4273 utriusque
969 4192 1344 4274 designaret3
1394 4191 1516 4256 ibi:
1563 4210 1656 4274 op
1681 4211 1932 4268 erum,
1976 4191 2114 4255 hic:
2159 4189 2389 4254 fidei.

411 4288 484 4353 V.
529 4291 632 4355 28.
679 4292 1170 4370 „Existimamus
1209 4293 1388 4371 enim,
1414 4291 1760 4382 justificari
1798 4291 2091 4354 hominem
2118 4311 2240 4375 per
2266 4288 2461 4374 fidem
2492 4290 2623 4354 sine

233 4387 484 4464 operibus
527 4390 736 4477 lcqis“.
821 4393 939 4458 Est
984 4382 1052 4458 in
1093 4394 1212 4458 hoc
1277 4413 1455 4460 versu
1525 4393 1888 4457 varietas
1954 4391 2377 4472 lectioniS,
2421 4410 2459 4456 a
2499 4409 2622 4474 qua

233 4483 396 4555 etiam
437 4511 628 4558 nexus
671 4494 829 4560 ratio
873 4512 1014 4559 cum
1061 4494 1572 4579 praecedentibus
1616 4492 1876 4579 pendet3
1921 4511 2175 4575 nempe:
