3234 4992
1255 282 1363 333 Cap.
1390 283 1444 323 X.
1471 294 1516 323 v.
1546 283 1711 323 17—18.
2568 285 2684 349 1Ῑ9

250 468 368 543 52,
417 469 526 552 7.),
587 470 1080 552 praedicaverint
1138 489 1302 547 eum,
1362 470 1469 552 qui
1510 491 1660 536 vera
1711 473 1958 555 Justitia
2017 471 2271 537 donavit
2314 488 2544 545 omnm,
2592 469 2696 553 qui

252 572 329 634 in
383 589 528 634 611111
574 571 983 647 crediderunt,
1045 573 1260 635 tamen
1319 572 1445 636 illis
1514 574 2014 656 praedicantibus
2074 590 2197 638 non
2252 590 2468 636 omnes
2516 593 2700 636 evan-

252 672 509 755 gelium
555 691 666 736 seu
709 673 943 736 laetum
991 674 1289 737 nuncium
1335 674 1410 737 de
1456 674 1698 737 Messia
1753 679 1815 738 et
1873 674 2071 738 salute
2118 675 2182 737 in
2227 691 2316 751 ec,
2362 673 2480 737 fide
2532 693 2695 737 mce-

249 778 508 855 perunt.
575 810 650 818 —-
711 773 917 837 Verba
981 774 1135 837 haec
1195 775 1384 838 simul
1443 776 1750 851 innuunt,
1815 792 2141 839 causam
2202 773 2704 838 exclusiunis

253 875 706 956 plerorumque
751 873 1133 939 Judaeorum
1180 874 1258 938 ab
1305 875 1634 957 adoptione
1696 877 1759 940 in
1805 876 2107 958 populum
2157 874 2271 938 Dei
2316 874 2391 937 N.
2444 877 2512 937 T.
2564 881 2624 937 et
2672 893 2708 937 a

253 976 443 1039 bonis
491 976 547 1039 ei
603 976 951 1059 promissiS,
1014 975 1203 1039 fuisse
1249 976 1778 1060 negationem
1837 976 2235 1052 obedientiae,
2300 977 2708 1058 praestandae

253 1078 597 1159 evangelio
643 1077 960 1141 divinitus'
1007 1077 1132 1140 illis
1179 1078 1571 1154 annunciato,
1638 1097 1745 1141 seu
1789 1077 2496 1142 incredulitatem.
2592 1073 2704 1141 Cs-

255 1182 475 1241 terum
538 1196 585 1240 s.
637 1178 887 1254 PauluS,
946 1178 1036 1241 uti
1103 1178 1372 1260 saepiae,
1438 1178 1527 1241 ita
1585 1179 1647 1241 et
1703 1178 1806 1242 hic
1849 1179 1989 1255 loci,
2057 1178 2381 1242 credere
2428 1177 2704 1241 nominat

252 1277 630 1342 obedire.
694 1278 791 1342 Ita
835 1279 1036 1351 docet,
1083 1280 1244 1360 quod
1290 1278 1446 1342 fides
1493 1296 1612 1342 non
1661 1280 1743 1342 sit
1788 1298 1887 1342 res
1936 1280 2128 1343 solius
2176 1278 2700 1353 intellsctuffi

215 1371 378 1442 'sed
439 1378 601 1459 quod
660 1379 848 1442 etiam
909 1380 1305 1443 voluntas
1369 1380 1733 1461 cooperetur
1794 1397 2044 1443 necesse
2090 1379 2192 1443 sit.
2279 1377 2704 1441 Firmissimac

258 1482 329 1542 et
403 1478 924 1560 profundissimae
991 1479 1550 1544 demonstrationes
1621 1479 1940 1544 hominem
2007 1479 2087 1544 ad
2150 1479 2341 1543 fidem
2400 1497 2520 1541 nan
2568 1497 2704 1561 per·

253 1581 524 1655 ducunt,
594 1580 717 1643 nisi
782 1581 1065 1644 voluntas
1112 1580 1505 1644 assentiatur.
1598 1580 1838 1662 „Nemo
1898 1581 2110 1658 credit,
2180 1581 2297 1644 nisi
2352 1581 2700 1655 volansfl,

254 1681 356 1744 ait
424 1699 469 1744 S.
533 1682 1072 1763 Augustinus.
1135 1716 1220 1727 —
1280 1681 1575 1758 „Jesaias
1635 1681 1794 1744 enim
1852 1679 2039 1745 dicit:
2081 1681 2365 1759 Domine,
2408 1681 2544 1765 quis
2588 1701 2704 1741 cra-

254 1780 434 1843 didit
453 1780 918 1865 praedicatimti
953 1790 1197 1845 nostrae
1212 1781 1296 1844 ’.Μ
1325 1818 1410 1827 —-
1432 1781 1659 1846 Verbis
1694 1781 1792 1846 his
1830 1782 2101 1846 ostendit
2146 1782 2480 1865 apostolus,
2532 1781 2700 1845 illam

257 1881 300 1947 J
307 1883 656 1946 udaeorum
702 1883 1135 1965 plerorumque
1180 1883 1682 1946 incredulitatem
1728 1882 1877 1946 olim
1921 1882 2115 1947 fuisse
2176 1882 2704 1966 praedictam.

260 1984 476 2047 Locus
524 1984 893 2066 desumptus
941 1988 1038 2048 est
1084 2004 1155 2048 ex
1199 1983 1242 2049 J
1261 1985 1488 2050 esaia
1531 1985 1633 2063 53,
1684 1985 1739 2047 1.
1801 1983 2115 2066 Propheta
2136 1983 2408 2068 proxime
2432 1985 2704 2065 loquitur

262 2085 345 2147 de
392 2084 828 2148 incredulitate
873 2083 1256 2149 Judaeorum
1322 2085 1491 2167 ipsi
1550 2104 2060 2162 coaevorum3
2121 2086 2231 2149 sed
2293 2089 2476 2149 verba
2520 2085 2696 2161 haec,

262 2185 640 2249 docentibus
687 2204 735 2248 s.
763 2184 806 2250 J
824 2202 1083 2249 oanne
1128 2186 1256 2267 (12,
1304 2186 1402 2250 38.
1431 2187 1548 2269 sq.)
1595 2190 1659 2250 et
1705 2187 2059 2264 s.Paulo,
2108 2187 2297 2251 simul
2341 2193 2516 2251 erant
2560 2205 2700 2269 pm-

262 2285 493 2368 phetia
538 2286 614 2349 de
659 2286 918 2351 Judaeis
964 2287 1298 2351 incredulis
1343 2290 1622 2369 tempore
1648 2286 1966 2353 Christi
2012 2290 2075 2351 et
2121 2289 2596 2370 apostolatu
2616 2309 2700 2353 m.

266 2386 372 2451 cf.
422 2391 828 2451 commentar.
894 2389 957 2451 in
1016 2406 1232 2471 evang.
1285 2407 1333 2453 s,
1379 2388 1723 2452 ι1011111116
1772 2389 1869 2466 12,
1930 2388 2196 2454 38-40.
2270 2424 2350 2435 —
2412 2385 2560 2469 1111οῇ
2608 2393 2704 2453 est

259 2487 657 2565 auditus,
714 2488 753 2551 i.
816 2507 866 2551 e.
929 2487 1318 2552 audiendi
1377 2507 1630 2565 seusus·;
1678 2489 1820 2553 dein
1864 2490 1945 2566 id,
2008 2490 2170 2572 quod
2228 2489 2492 2569 auditur,
2556 2509 2700 2573 ergo

262 2609 301 2652 n
323 2606 367 2650 u
386 2606 430 2650 n
449 2606 481 2651 c
501 2588 579 2652 iu
601 2608 659 2652 m
681 2636 696 2665 ,
743 2607 783 2670 p
803 2589 990 2652 raed
1012 2589 1032 2651 i
1051 2589 1296 2666 catio,
1324 2592 1392 2651 ut
1416 2587 1474 2652 11.
1504 2590 1566 2667 1.,
1593 2589 1698 2654 ubi
1724 2590 1975 2654 denotat
1998 2590 2536 2673 praedicationem.
2568 2593 2700 2657 scil..

263 2689 345 2752 de
371 2687 694 2751 Salvatore
718 2688 1021 2771 patiente;
1046 2707 1223 2772 porro
1245 2692 1342 2753 est
1365 2686 1515 2769 ἀκοή
1542 2690 1681 2772 ipsa
1699 2709 1791 2755 au
1810 2691 1885 2753 di
1908 2695 1933 2754 t
1956 2691 2051 2769 io,
2076 2694 2145 2755 ut
2169 2709 2350 2755 versu
2395 2693 2696 2773 sequenti.

475 2788 549 2852 V.
624 2789 721 2852 17.
790 2789 1000 2874 „Eryo
1044 2789 1209 2873 fides
1273 2812 1348 2853 cx
1413 2790 1656 2869 auditu,
1722 2791 1974 2855 auditam
2037 2800 2237 2855 autem
2286 2812 2400 2876 per
2456 2789 2700 2853 verbu-m

266 2889 462 2953 Dei.“
506 2926 592 2935 —
633 2889 724 2953 Ex
768 2891 975 2955 citatis
1019 2891 1270 2957 Jesaiae
1317 2891 1520 2955 verbis
1565 2891 1692 2955 inf
1703 2912 1734 2955 e
1752 2895 1825 2955 rt
1869 2912 1918 2956 s.
1964 2892 2303 2974 apostolus,
2364 2893 2528 2973 quud
2564 2893 2700 2973 jam

263 3012 330 3055 v.
400 2992 495 3056 14.
561 2992 816 3070 dixerat,
881 2993 1009 3057 scil.
1072 2993 1235 3074 quod
1288 2992 1443 3055 fides
1489 3012 1558 3055 ex
1617 2994 1908 3057 auditu
1971 2996 2275 3057 nascatur.
2366 2993 2704 3074 Apostolus

263 3093 408 3157 vult
453 3110 597 3175 ergo
644 3092 881 3157 dicere:
927 3094 1114 3157 Fides
1161 3094 1433 3157 nascitur
1477 3112 1548 3157 ex
1592 3112 1686 3157 au
1708 3094 1919 3171 ditu;
1981 3094 2230 3158 auditus
2297 3094 2504 3158 autem
2568 3093 2700 3157 effi-

264 3194 435 3259 citur
479 3214 588 3277 per
644 3196 1359 3277 praedicationem
1418 3194 1587 3259 verbi
1641 3196 1777 3273 Dei,
1838 3194 2068 3259 factam
2131 3215 2240 3279 per
2298 3197 2608 3279 apostulus
2668 3217 2704 3261 a

267 3296 522 3361 Christo
569 3298 814 3362 missos
907 3296 1544 3361 Conclusiouem
1589 3298 1828 3379 ipsam:
1894 3316 2037 3381 ergo
2085 3298 2383 3382 cujusque
2428 3297 2704 3361 affinium

265 3401 382 3475 est,
431 3398 724 3462 audiendi
767 3399 1161 3481 evangelium
1188 3399 1635 3463 annunciatum
1657 3434 1741 3444 —-
1763 3398 1979 3463 reticet
2024 3400 2359 3482 apostolus,
2408 3401 2704 3481 tanquam

267 3503 496 3583 sponte
543 3520 613 3563 ex
658 3501 841 3565 dictis
884 3500 1199 3565 fluentem.
1253 3532 1327 3545 -⁴-
1388 3499 1681 3565 Ceterum
1738 3500 1803 3564 in
1864 3500 1981 3564 hac
2042 3500 2332 3583 pericopa
2376 3520 2424 3565 6.
2472 3501 2704 3565 Paulus

267 3603 473 3665 duas
532 3619 748 3684 graves
809 3603 1148 3666 sententias
1208 3603 1607 3683 pronunciat:
1688 3603 1741 3665 1.
1799 3602 1954 3680 fides
2014 3602 2296 3666 nascitur
2357 3605 2420 3666 et
2480 3621 2704 3685 prapa-

266 3708 458 3785 gatur
525 3720 644 3765 non
709 3721 819 3785 per
883 3702 1229 3766 literam
1288 3705 1691 3766 mortuam
1757 3722 1803 3766 S.
1854 3703 2213 3786 scripturae,
2283 3704 2391 3768 sed
2460 3701 2704 3765 verbu

266 3804 497 3879 vivo,
544 3804 726 3867 viva
771 3820 1003 3879 voce;
1049 3806 1112 3866 et
1155 3804 1211 3867 2.
1262 3803 1339 3866 ad
1386 3803 1891 3868 annunciandum
1951 3804 2341 3888 evangelium
2404 3825 2552 3885 spus
2612 3809 2704 3865 ast

267 3904 671 3987 legitima
735 3903 1146 3968 missione.
1235 3902 1597 3967 Invenimus
1661 3923 1803 3985 ergo
1857 3906 1916 3970 h.
1964 3908 2005 3971 l.
2052 3906 2285 3970 directe
2348 3924 2704 3989 expressum

267 4004 647 4087 principium
706 4000 1203 4067 traditionis
1264 4005 1327 4067 et
1393 4004 1925 4086 apostolatus
1995 4008 2334 4072 catholicae
2395 4005 2700 4069 ecclesiae.

270 4142 354 4153 —-
402 4106 562 4170 Loco
629 4109 900 4185 Χριστοῦ
963 4105 1082 4189 (uti
1149 4109 1210 4168 et
1274 4105 1550 4187 Vulgata
1616 4104 1798 4188 legit)
1866 4108 2071 4170 textus
2138 4110 2416 4190 receptus
2480 4105 2700 4169 habet:

270 4212 427 4269 θεοῦ
439 4228 462 4283 ,·
519 4212 656 4271 tum
717 4209 875 4288 ῥῆμα
932 4210 1086 4267 θεοῦ
1145 4207 1242 4269 est
1298 4205 1461 4268 idem
1523 4224 1593 4269 ao
1657 4208 1814 4287 ῥῆμα
1877 4224 1985 4269 seu
2049 4205 2220 4289 λόγος
2278 4205 2708 4289 κηριισσὸμεινος

270 4305 427 4371 θεοῦ
472 4308 754 4393 (verbum
800 4307 920 4372 Dei
963 4306 1455 4390 annunciatum).

482 4408 557 4473 V.
609 4408 705 4473 18.
754 4406 924 4486 „Sed
985 4406 1160 4470 dico:
1224 4408 1394 4470 Num
1451 4430 1574 4470 non
1633 4408 1965 4471 audierunt
1981 4406 2050 4470 ‘.2“
2137 4408 2315 4472 Facit
2358 4410 2416 4473 h.
2468 4409 2504 4473 l.
2556 4409 2704 4473 sihi-

275 4509 536 4626 metipsi
580 4509 895 4592 apostolus
941 4509 1066 4592 obj
1089 4508 1300 4573 ectio
1319 4528 1527 4573 nem:
1587 4507 1709 4574 Sed
1765 4508 2095 4591 interrogo,
2159 4526 2314 4572 num
2356 4509 2480 4573 sors
2528 4529 2704 4593 prae-

2372 4609 2448 4671 12
2472 4609 2508 4645 *
