3234 4992
613 249 733 313 135
1651 246 2006 298 osanna.

601 433 705 509 sit,
753 433 951 513 gratia
986 451 1109 497 non
1132 434 1247 496 est.
1293 468 1380 480 —
1423 430 1641 497 Simile
1685 433 1922 497 dictum
1967 432 2236 497 occurrit
2291 438 2356 511 4,
2405 433 2470 497 4.
2524 469 2595 479 —-
2646 432 2847 496 Verba
2891 432 2998 510 illa,

601 553 753 613 quae
801 537 861 597 in
909 537 1080 598 textu
1140 541 1380 616 recepto
1448 535 1593 616 post
1652 538 1864 615 γίνεται
1904 534 2076 616 χάρις
2130 534 2463 616 leguntur:
2528 538 2579 593 εἰ
2622 534 2692 595 δὲ
2736 532 2796 606 ἐξ
2837 536 3005 617 ἔργων,

601 637 785 697 afim-hs
833 637 952 697 ἐστι
995 633 1352 718 χάρις.ἕπεὶ
1393 636 1461 698 τὸ
1503 635 1673 717 ἔργον
1720 635 1907 698 οὐκέτι
1951 635 2109 698 ἐστιν
2152 634 2344 716 ἔργω,
2417 640 2565 700 Sunt
2608 635 3004 718 glossema,

601 741 881 821 quamvis
945 738 1123 802 valde
1188 739 1550 820 antiquum3
1636 740 1859 803 desunt
1941 740 2006 803 in
2088 739 2411 804 codicibus
2475 737 3008 821 praestantissimis

601 837 1009 923 (ACDEFGL
1070 840 1134 903 in
1194 839 1413 904 Itala
1469 846 1531 905 et
1588 839 1990 924 Vulgata,
2037 842 2102 905 in
2161 840 2380 905 multis
2436 840 2576 905 aliis
2619 840 3007 916 versionibus

601 946 657 1005 et
709 941 825 1005 fere
873 941 1034 1025 apud
1079 928 1296 1006 omnes
1332 942 1551 1006 Patres
1593 943 1842 1007 latinos.
1892 982 1966 989 --
2011 943 2209 1007 Versu
2254 943 2540 1023 sequenti
2585 941 2708 1025 (7.)
2758 942 3012 1023 sequitur

597 1041 889 1105 illatio
937 1061 1006 1105 ex
1050 1042 1567 1124 praecedentibus
1611 1044 1697 1127 (v.
1744 1045 1987 1129 2--5.).

801 1145 873 1205 V.
925 1145 976 1209 7.
1025 1143 1243 1222 „Quid
1284 1145 1520 1230 igitur?
1568 1144 1750 1218 Quod
1792 1143 2111 1231 appetebat
2157 1142 2375 1222 Israel,
2432 1145 2539 1207 hoc
2599 1165 2725 1207 non
2769 1152 2854 1207 est
2893 1165 3010 1206 oon-

593 1253 857 1321 secutus;
917 1243 1120 1308 electio
1178 1255 1378 1309 autem
1435 1255 1751 1309 consecuta
1808 1253 1954 1310 e3t.“
2010 1282 2095 1294 -
2158 1243 2447 1325 ἐπιζητεῖν
2502 1245 2562 1308 h.
2625 1245 2665 1309 l.
2728 1245 2890 1308 idem
2947 1263 3007 1308 ac

593 1345 821 1405 nisinen·
881 1349 966 1425 (9,
1013 1347 1163 1430 31.)‚
1223 1349 1866 1431 studioseappetere.
1932 1384 2004 1394 -
2052 1345 2091 1408 ὁ
2137 1351 2310 1408 τοῦτο
2357 1350 2455 1410 est
2507 1346 2595 1428 (9,
2644 1346 2778 1427 31.)
2823 1346 3007 1409 nomi-

598 1453 745 1513 nata
789 1447 1123 1529 δικαιοσύνη
1186 1449 1514 1532 (iustitia);
1576 1449 1933 1514 consecutio
1992 1448 2124 1532 ejus
2172 1449 2401 1531 pendet
2461 1466 2499 1513 a
2555 1447 2589 1511 f
2597 1449 2750 1512 ide.
2805 1486 2870 1493 —
2924 1451 3002 1507 ἐκ·

593 1549 729 1629 zani
777 1549 837 1613 h.
885 1553 921 1613 Ι.
969 1550 1354 1615 abstractum
1402 1568 1511 1633 pro
1556 1553 1975 1615 concreto:
2036 1552 2289 1611 ἐκλεκτοι
2350 1550 2685 1633 (electi),
2751 1567 2859 1631 pro
2901 1567 3002 1631 quo

593 1653 773 1713 auten.
841 1653 921 1733 (r.
988 1653 1076 1735 5.)
1136 1652 1414 1733 scripsit:
1477 1649 1545 1712 τό
1619 1653 1832 1731 λεῖμμα
1904 1650 2025 1713 κατ’
2093 1650 2344 1732 ἐκλογήν
2406 1647 2667 1733 χάριτος.
2756 1650 3002 1715 Electi

589 1753 909 1817 Israelitae
955 1753 1271 1817 consecuti
1315 1754 1461 1817 sunt
1497 1754 1831 1836 justitiam,
1890 1753 2035 1835 quia
2078 1754 2450 1818 studuerunt
2493 1771 2634 1817 eam
2681 1752 2805 1817 sibi
2848 1769 2999 1816 com-

593 1873 805 1933 parare
853 1873 972 1917 nun
1018 1855 1191 1937 quasi
1237 1874 1310 1919 ex
1353 1856 1657 1937 operibuS,
1723 1856 1831 1919 sed
1890 1855 2163 1937 gratuito
2219 1874 2289 1918 ex
2352 1853 2385 1917 f
2395 1854 2522 1917 ide
2563 1854 2630 1918 in
2675 1851 3000 1917 Christum.

589 1957 781 2017 Erant·
841 1963 1053 2019 autem
1119 1956 1406 2034 electi,
1471 1958 1820 2039 quicunque
1875 1956 2148 2020 oblatam
2212 1954 2503 2019 omnibus
2555 1954 3003 2038 justificationis

585 2057 849 2137 gratiam
901 2056 1013 2121 sub
1060 2075 1150 2134 ea,
1198 2076 1318 2138 qua
1361 2058 1514 2122 haec
1576 2057 1966 2133 offerebatur,
2014 2056 2507 2121 conditione
2571 2056 2853 2139 accipere
2896 2073 3002 2119 non

589 2157 973 2221 ζωῇ-1166136116
1067 2157 1158 2223 cf.
1205 2159 1266 2236 9,
1314 2159 1414 2223 31.
1462 2160 1585 2235 32,
1633 2160 1740 2224 ubi
1782 2160 2101 2241 apostolus
2162 2175 2491 2222 causam
2539 2160 2675 2240 eJus
2718 2158 2810 2221 rei
2855 2157 2998 2221 assi-

585 2261 889 2341 gnaverat
933 2260 1022 2341 (et
1068 2261 1166 2338 10,
1214 2260 1321 2343 3.).
1412 2261 1567 2325 Vult
1612 2280 1755 2343 ergo
1814 2260 2129 2341 apostolus
2173 2259 2411 2322 dicere:
2457 2258 2666 2338 Quum
2713 2278 2786 2323 ex
2834 2262 3003 2322 antea

589 2361 769 2421 dictis
821 2363 1245 2443 uuusequatur,
1295 2362 1563 2426 dicinon
1608 2380 1813 2443 posse,
1859 2361 2061 2424 Deum
2106 2360 2411 2442 repulisse
2457 2360 2759 2443 populum
2808 2378 2997 2435 suum,

585 2461 729 2541 quid
777 2461 966 2545 igitur
1010 2461 1343 2526 dicendum
1390 2466 1538 2527 est?
1626 2463 1761 2527 Hoc
1802 2461 2121 2540 nimirum,
2184 2461 2345 2543 quod
2402 2461 2675 2525 maxima
2719 2479 2864 2544 pars
2903 2478 2999 2543 po-

581 2561 709 2641 puli
781 2562 1124 2641 Israelitici,
1186 2580 1341 2644 quae
1402 2563 1678 2626 studiose
1754 2561 2093 2646 appetebat
2144 2562 2482 2646 justitiam,
2550 2562 2731 2625 illam
2799 2564 2998 2627 tamen

581 2681 693 2725 uun
773 2665 853 2725 sit
921 2667 1270 2741 consecuta,
1343 2664 1486 2745 quia
1551 2683 1690 2727 eam
1760 2683 1831 2728 ex
1894 2664 2295 2747 operibus
2362 2663 2582 2747 legis
2628 2666 2693 2727 et
2739 2682 2862 2728 non
2903 2682 2997 2745 per

581 2765 829 2829 fidem
897 2765 952 2829 iu
1017 2762 1336 2827 Christum
1399 2763 1521 2828 sibi
1582 2783 1942 2847 comparare
2004 2763 2329 2845 studebat3
2390 2782 2535 2846 pars
2580 2767 2794 2829 autem
2840 2765 2995 2827 illius

581 2865 785 2945 pupuli
853 2865 1068 2942 minor,
1132 2884 1170 2928 a
1225 2865 1356 2929 Deo
1416 2885 1486 2929 ex
1543 2867 1747 2948 gratia
1804 2867 2021 2941 electa,
2076 2865 2395 2948 justitiam
2443 2866 2619 2929 illam
2664 2885 2777 2948 per
2821 2866 2992 2930 fidem

581 2969 641 3029 in
689 2965 1003 3029 Christum
1053 2966 1137 3029 sit
1181 2971 1530 3031 consecuta.
1588 3005 1661 3012 —
1711 2966 1960 3045 „Ceteri
2000 2975 2201 3030 autem
2244 2968 2555 3030 eaecaecati
2612 2973 2817 3047 sunt‘ss
2878 2966 2993 3031 scil.

577 3085 613 3129 a
657 3065 805 3129 Deo.
857 3105 937 3113 -—
979 3064 1206 3145 πωρόω
1251 3067 1309 3130 h.
1372 3068 1410 3131 l.
1459 3067 1583 3131 fere
1641 3068 1805 3132 idem
1861 3086 1933 3132 ac
1974 3065 2279 3150 σκληρύνω
2323 3068 2411 3150 (9,
2461 3068 2610 3151 18.),
2671 3070 2782 3136 sed
2839 3069 2992 3132 notio

577 3169 709 3249 ejus
753 3167 1030 3231 nonnihil
1075 3168 1278 3250 magis
1324 3169 1633 3233 intensiva
1677 3171 1805 3233 est:
1849 3166 2070 3248 πωρόω
2117 3170 2183 3251 (a
2244 3175 2461 3246 noo‘pog
2517 3169 2857 3252 tophUS,
2903 3169 2994 3232 der

577 3269 889 3349 Tufsteiu}
964 3272 1060 3333 est
1144 3270 1418 3352 proprie:
1504 3271 2023 3353 lapidescere
2106 3269 2268 3334 facio
2335 3268 2796 3354 (versteinern),
2868 3270 2993 3334 dein

577 3389 757 3429 sensu
809 3370 1106 3434 translato
1150 3371 1534 3454 generatim:
1580 3372 1902 3447 induro,
1950 3370 2362 3448 obdurefacio,
2426 3369 2669 3435 offirmo
2728 3371 2991 3454 (geffihl-

573 3469 665 3533 lus
713 3469 990 3548 mashen,
1056 3472 1472 3554 verstocken);
1535 3472 1595 3535 in
1650 3471 1727 3536 N.
1779 3472 1847 3535 T.
1893 3470 1996 3551 τὴν
2040 3475 2280 3551 καρδίαν
2342 3469 2497 3543 τινός
2555 3473 2692 3554 (aut
2747 3474 2826 3535 τοὶ
2866 3469 2991 3553 νοή-

569 3593 725 3649 ,actm
765 3581 946 3645 wives}
1008 3591 1138 3637 cor
1192 3573 1621 3655 cujusdam
1681 3574 2111 3649 indurare:
2174 3577 2237 3637 et
2294 3593 2487 3656 quum
2547 3591 2682 3638 cor
2741 3576 2991 3659 (καρδία)

569 3673 749 3753 juxta
817 3693 998 3738 usum
1067 3674 1356 3757 loquendi
1423 3694 1470 3738 s.
1550 3675 1889 3757 scripturae
1953 3674 2241 3757 designet
2315 3676 2413 3739 vel
2479 3675 2990 3741 intellectum

573 3777 665 3837 re]
713 3776 1268 3853 veluntatem,
1314 3772 1542 3858 πωρόω
1588 3775 1898 3858 significat
1958 3793 2067 3857 pro
2114 3779 2404 3843 contextu
2462 3777 2561 3841 vel
2604 3777 2883 3859 aliquem
2924 3776 2992 3841 ad

569 3877 1220 3957 intelligendum
1279 3878 1719 3960 'ineptum‘
1771 3875 2116 3960 (hebetem)
2194 3878 2480 3955 reddere,
2562 3879 2663 3941 vel
2728 3880 2991 3944 contu·

569 3997 789 4041 mas-e
817 3997 873 4041 Π]
901 4029 917 4053 »,
963 3977 1236 4041 obstin
1261 3996 1478 4042 acem
1526 3978 1806 4054 reddere:
1854 3980 1918 4040 et
1963 3979 2024 4042 in
2071 3977 2353 4059 passivo:
2401 3979 2479 4042 ad
2522 3977 2989 4061 intelligendum

569 4081 817 4161 ineptus
865 4097 1025 4155 sum,
1073 4079 1264 4143 hebes
1313 4098 1474 4154 sum,
1538 4083 1748 4143 mente
1796 4081 2157 4143 excaecatus
2203 4097 2381 4153 sum:
2444 4079 2540 4143 vel
2584 4079 2987 4156 obstinax,

569 4185 805 4245 eunti]
833 4200 1001 4245 mex
1063 4199 1221 4245 sum.
1315 4180 1439 4244 Hic
1505 4180 1621 4243 loci
1696 4185 1992 4260 tanquam
2070 4180 2418 4263 subjectum
2495 4181 2756 4262 cogitari
2818 4182 2989 4246 debet

566 4281 717 4353 θεός
765 4289 946 4365 atque
992 4282 1145 4346 haec
1192 4282 1539 4347 excaecatio
1586 4301 1622 4345 a
1665 4282 1798 4345 Deo
1843 4282 2027 4358 facta,
2089 4299 2159 4345 eo
2219 4282 2405 4347 modo
2450 4282 2834 4364 explicanda,
2880 4300 2986 4364 quo

569 4403 753 4465 supra
813 4385 901 4465 (9,
949 4384 1073 4467 18.)
1120 4384 1304 4448 illud:
1375 4384 1624 4459 Deus,
1694 4401 1924 4465 quem
1991 4382 2206 4459 vult,
2277 4382 2628 4447 indurat.
2696 4420 2783 4431 -
2846 4384 2985 4447 Vult

577 4501 717 4565 ergo
769 4484 1079 4565 apestolus
1143 4483 1376 4548 dicere:
1440 4483 1642 4549 Ceteri
1685 4500 1849 4561 vero,
1909 4483 2013 4564 qui
2071 4482 2366 4547 nimirum
2429 4483 2703 4549 oblatam
2759 4485 2983 4568 justifi-
