3234 4992
541 257 661 321 173
1529 253 1641 307 eq».
1666 256 1723 295 x.
1750 266 1795 294 v.
1821 255 1987 295 ιιι-ιο.

745 441 821 506 V,
873 441 969 506 15.
1014 440 1376 520 „Quomodo
1417 463 1558 506 vcro
1590 440 2069 527 praedicabunt,
2109 441 2238 504 nisi
2269 440 2446 504 missi
2467 439 2764 525 fuer-int?
2807 441 2938 505 sicut

537 545 825 629 scriptum
869 552 992 608 cat:
1057 542 1257 618 Quam
1313 544 1568 629 speciosi
1611 543 1823 630 pedes,
1882 545 1989 629 qui
2029 543 2417 607 annunciant
2449 564 2689 627 pacem,
2730 566 2937 606 annun-

537 649 705 709 11111111
749 645 970 709 bona!
1010 682 1097 691 —
1137 646 1228 709 Ex
1269 646 1801 710 invocatione
1844 644 2032 709 infert
2076 665 2125 709 s.
2161 646 2481 728 apostolus
2527 646 2939 709 necessitatem

537 749 769 813 crede
793 749 962 826 ndi,
1005 747 1121 812 hoc
1164 748 1378 812 modo:
1425 746 1746 827 Quomodo
1790 765 1955 830 ergo,
2014 765 2206 828 quum
2261 746 2396 811 scil.
2444 747 2616 810 salus
2662 747 2944 829 promissa

537 849 801 933 pendeat
845 849 966 929 {uti
1011 850 1246 913 dictum
1303 850 1423 931 est)
1485 850 1564 913 ab
1626 849 2094 913 invocando
2151 849 2310 914 Jesu
2370 847 2621 913 Christo
2667 850 2946 929 tanquam

537 953 805 1013 Domino
829 957 889 1013 et
913 949 1248 1027 Salvatore‚
1294 950 1580 1015 homines
1628 970 1701 1015 ex
1744 950 1952 1015 animo
1996 950 2281 1015 invocare
2315 951 2625 1033 poterunt.¹
2672 950 2740 1014 in
2783 968 2949 1031 quem

537 1069 657 1117 non
705 1053 1308 1117 erediderunt?
1391 1053 1554 1117 Dein
1612 1072 1683 1116 ex
1724 1053 2100 1117 necessitate
2157 1052 2443 1116 credendi
2506 1051 2699 1115 infert
2759 1069 2952 1115 neces-

537 1153 785 1217 sitatem
849 1152 1242 1217 audiendi
1301 1154 1377 1216 de
1437 1154 1573 1231 illo,
1637 1154 1701 1216 in
1760 1171 1945 1234 quem
2006 1152 2385 1217 credendum
2444 1154 2558 1227 sit3
2623 1152 2955 1234 redemptio

537 1253 705 1317 enim
749 1253 813 1317 111
861 1253 1101 1317 Christo
1147 1256 1245 1317 est
1287 1254 1320 1318 f
1329 1257 1602 1319 actum
1663 1254 1964 1337 objective
2006 1254 2400 1331 historicum,
2459 1254 2623 1335 quod
2667 1271 2852 1317 nemo
2894 1272 2957 1316 ex

537 1373 601 1417 se
649 1373 757 1437 per
801 1353 1192 1419 reflexionem
1235 1358 1448 1438 potest
1490 1356 1845 1439 producere,
1911 1356 2023 1419 sed
2079 1355 2157 1419 de
2219 1355 2328 1419 illo
2371 1355 2668 1420 audiat
2715 1372 2956 1418 necesse

541 1461 657 1521 eat.
745 1457 933 1521 Porro
975 1475 1047 1520 ex
1090 1456 1469 1521 necessitate
1527 1456 1821 1521 audiendi
1867 1457 1943 1520 de
1988 1456 2236 1520 Christo
2287 1456 2475 1520 infert
2514 1456 2957 1519 necessitatem

537 1557 1236 1641 praedicationis,
1282 1559 1347 1623 et
1388 1560 1647 1623 tandem
1709 1578 1782 1622 ex
1824 1559 2200 1622 necessitate
2257 1556 2737 1639 praedicationis
2783 1556 2958 1621 infert

533 1661 972 1722 neeensitatem
1017 1658 1450 1742 legitimae
1496 1658 1924 1724 missionis
1992 1658 2073 1723 ad
2115 1658 2597 1741 praedicandum
2644 1676 2757 1722 seu
2800 1674 2956 1740 apo-

537 1761 913 1821 stolatus..
1001 1759 1221 1841 Itaque
1264 1759 1571 1825 invocatio
1614 1760 1903 1824 innititur
1944 1759 2184 1836 fidei,
2229 1760 2385 1824 fides
2425 1776 2568 1823 vero
2613 1757 2954 1833 auditui,

537 1861 781 1925 auditus
805 1859 1410 1945 praedicationi
1442 1862 1506 1924 et
1536 1861 1911 1943 praedicatio
1936 1861 2331 1925 missioni
2372 1860 2839 1943 legitimae.
2886 1894 2958 1903 —-

537 1961 753 2025 Totins
821 1961 1030 2025 autem
1096 1960 1283 2044 hujus
1350 1963 1911 2045 argumentationis
1974 1962 2117 2026 finis
2190 1965 2302 2039 est,
2372 1961 2821 2038 demonstrare,
2888 1960 2960 2024 ad

537 2065 877 2125 salutarem
941 2063 1117 2127 illam
1175 2063 1796 2128 invocationem
1859 2064 1943 2147 (v.
2015 2063 2143 2147 13.)
2211 2081 2367 2146 opus
2431 2081 2570 2127 esse
2637 2078 2958 2144 praeco-

533 2185 573 2229 11
593 2165 613 2225 1
633 2165 669 2227 b
693 2185 733 2229 u
753 2185 801 2245 s,
865 2162 1164 2229 divinitus
1224 2163 1302 2228 ad
1345 2164 1826 2247 praedicandum
1890 2164 2211 2247 ablegatis.
2258 2200 2345 2210 —
2404 2164 2585 2228 Hanc
2648 2163 2731 2227 ad
2795 2179 2959 2244 prae-

537 2265 869 2329 dicandum
921 2265 1403 2329 missionem
1454 2265 1590 2348 jam
1650 2265 2179 2349 praedictam
2240 2264 2458 2343 fuisse,
2516 2262 2963 2329 confirmat

533 2369 665 2429 loco
721 2365 1061 2430 Jeaaiae
1124 2364 1253 2448 (52,
1315 2366 1424 2445 7.),
1488 2385 1675 2449 quem
1741 2366 1821 2431 ad
1886 2385 2211 2431 sensum
2279 2363 2721 2430 tantummodo
2784 2364 2960 2437 citat3

537 2485 681 2533 1111111
729 2485 841 2529 nen
885 2485 1027 2533 cum
1081 2466 1253 2530 textu
1309 2466 1598 2544 hebraeo,
1664 2486 1776 2532 nec
1836 2486 1980 2532 cum
2027 2466 2440 2550 Septuaginta
2482 2468 2775 2530 accurate
2821 2481 2962 2528 con-

537 2569 765 2633 eordat.
857 2569 929 2633 In
988 2568 1099 2632 illo
1157 2567 1289 2633 loco
1353 2568 1626 2651 loquitur
1683 2569 1985 2653 propheta
2039 2567 2314 2652 proxime
2371 2567 2447 2631 de
2491 2566 2963 2631 annunciatione

537 2669 865 2733 solutae
941 2668 1476 2752 captivitatis
1564 2671 1627 2733 et
1690 2670 1923 2735 reditus
1991 2669 2071 2734 ab
2134 2668 2385 2733 exilio
2448 2666 2959 2750 babylonico.

537 2769 757 2833 Nuncii
817 2769 1071 2834 veniunt
1129 2789 1312 2854 super
1371 2774 1636 2850 monteS,
1683 2770 2149 2847 annunciantem,
2215 2769 2258 2835 J
2263 2770 2525 2834 ehovam
2572 2768 2757 2833 Sione
2804 2766 2867 2851 (i.
2913 2786 2957 2829 e.

537 2872 1035 2953 Hiernsnlffrnae)
1095 2872 1323 2936 iterum
1384 2873 1681 2937 thronum
1743 2891 1927 2939 suum
1987 2871 2273 2935 erexisse.
2368 2869 2705 2953 Sperantes
2754 2888 2789 2932 e
2832 2869 2959 2934 lon-

533 2973 769 3057 ginquo
833 2974 1104 3038 salutant
1167 2975 1376 3056 pedeS‚
1440 2974 1546 3056 qui
1603 2975 1771 3038 laeta
1833 2973 2286 3037 annunciantes
2341 2971 2674 3036 adducunt.
2717 3006 2807 3017 —
2851 2968 2964 3035 Sed

533 3077 685 3141 haee
733 3076 1190 3157 corporalis
1236 3076 1526 3140 liberatio
1572 3095 1645 3139 ex
1689 3076 2053 3159 captivitate
2098 3074 2483 3157 babylonica,
2529 3073 2727 3138 Paulo
2778 3073 2963 3137 inter-

533 3181 725 3257 prete.
773 3177 1163 3242 solummodo
1208 3178 1454 3259 typus
1521 3181 1652 3241 erat
1712 3176 2202 3260 spiritualis
2260 3174 2644 3240 liberationis
2706 3193 2780 3238 ex
2827 3193 2963 3257 cap-

533 3277 773 3345 tivitate
821 3278 1174 3361 peccati,
1222 3295 1259 3341 a
1302 3278 1540 3342 Messia
1580 3277 2034 3361 procurandae;
2081 3280 2143 3342 et
2174 3277 2243 3341 hi
2267 3276 2495 3354 nuncii,
2541 3276 2704 3340 laeta
2728 3294 2962 3341 annun-

537 3381 789 3453 ninutasq
861 3379 1036 3443 erant
1089 3382 1277 3462 typus
1335 3380 1902 3461 apostolorum
1962 3378 2232 3456 Domini,
2293 3378 2398 3460 qui
2459 3395 2671 3441 verum
2732 3377 2964 3441 laetum

533 3481 853 3557 nuncium„
901 3499 1116 3544 verum
1163 3480 1573 3563 evangelium,
1622 3480 1753 3544 scil.
1796 3480 2185 3563 spiritualem
2226 3478 2662 3544 liberationem
2710 3498 2784 3543 ex
2828 3496 2964 3560 cap-

537 3581 781 3645 tivitata
849 3581 1090 3665 peccati
1154 3600 1265 3664 per
1330 3581 1635 3645 Messiam
1705 3580 1988 3646 universo
2054 3582 2284 3645 mundo
2344 3578 2829 3645 annunciabant.
2892 3615 2965 3625 —

533 3681 689 3749 Lnffl]
753 3684 1047 3765 tssfflporis
1106 3682 1404 3746 futuri:
1471 3682 1909 3744 ἐπικαλέσονται
1968 3729 1981 3743 .
2045 3729 2078 3761 .‚
2140 3682 2539 3758 πιστευσούσι,
2595 3728 2609 3741 .
2655 3728 2669 3741 .
2718 3727 2730 3741 .
2778 3681 2963 3746 etiam

533 3783 1055 3869 conjunctivi
1113 3783 1310 3848 modi:
1378 3786 1849 3861 ἐπικαλέσωνται,
1905 3782 2318 3860 πιστεύσωσιν,
2378 3780 2736 3860 ἀκούσωσιν,
2792 3778 2961 3864 κηρύ-

533 3885 713 3961 ξωσιν
761 3889 821 3949 in
869 3884 1179 3949 nonnullis
1223 3885 1541 3951 codicibus
1585 3887 1896 3970 leguntur,
1958 3886 2065 3968 qui
2128 3887 2274 3950 sunt
2338 3884 2724 3970 conjunctivi
2771 3882 2960 3947 deli-

533 3989 929 4061 1111111111111
987 4005 1210 4052 sensus
1270 4006 1412 4052 vero
1472 4007 1717 4071 semper
1773 3988 1940 4051 idem
2002 3991 2235 4052 manet.
2285 4024 2366 4033 —-
2414 3986 2706 4051 Ceterum
2752 4002 2960 4051 versus

537 4093 633 4153 14.
685 4093 745 4153 et
793 4093 889 4153 15.
939 4092 1085 4153 sunt
1132 4089 1658 4154 introductio
1706 4089 1770 4153 in
1814 4109 2063 4154 versum
2108 4092 2490 4171 sequentem.

741 4193 813 4253 V.
869 4193 958 4257 16.
1020 4190 1190 4271 „Sed
1246 4214 1368 4255 non
1434 4211 1635 4254 omncs
1699 4190 2052 4254 obedierunt
2114 4189 2485 4275 evanqeliof‘
2572 4190 2871 4271 Loquitur
2912 4207 2954 4251 s.

533 4293 849 4373 apostolus
913 4292 986 4357 de
1044 4293 1087 4359 J
1103 4294 1424 4370 udaeis‚
1491 4292 1586 4355 uti
1652 4312 1723 4355 ex
1786 4292 2185 4374 sequentibus
2230 4292 2443 4375 liquet,
2527 4291 2566 4355 i.
2615 4310 2666 4355 e.
2751 4292 2825 4355 de
2864 4290 2955 4364 iis,

537 4393 757 4477 quibus
825 4397 1095 4477 primum
1163 4392 1507 4478 praedicari
1571 4393 1845 4473 oportuit
1909 4394 2323 4476 evangelium.
2417 4392 2763 4475 Apostolus
2828 4390 2955 4455 vult

537 4493 765 4561 dicere:
829 4495 967 4575 Sed,
1031 4494 1315 4577 quamvis
1375 4494 1674 4559 divinitus
1720 4493 1916 4573 missi,
1984 4495 2148 4560 sicut
2190 4494 2579 4577 praedictum
2625 4494 2759 4558 erat
2799 4489 2867 4577 (J
2876 4508 2953 4555 es.
