3234 4992
500 239 586 306 22
1497 235 1610 286 cap.
1636 238 1677 279 1.
1700 247 1749 278 v.
1777 234 1943 276 11.-13.

709 423 784 486 V.
834 423 930 486 11.
977 421 1322 500 „De-sidero
1353 423 1512 485 enim
1539 421 1746 485 videre
1780 442 1905 498 vos,
1946 429 2016 484 ut
2057 417 2311 504 aliquod
2340 418 2661 503 impertiar
2704 415 2930 480 donum

547 521 676 587 obis
712 521 1037 608 spirituale
1079 520 1167 585 ad
1209 521 1693 606 confirmandum
1734 528 1881 585 v08“
1894 543 1917 600 ,⁶
1959 520 1999 584 i.
2027 540 2076 584 e.
2104 535 2335 601 magno
2364 518 2669 583 desiderio
2693 521 2925 596 teneor,

502 603 611 690 199
654 625 922 700 videndi,
968 626 1040 688 ut
1084 625 1538 688 communicem
1581 624 1905 688 vobiscum
1948 621 2195 703 aliquod
2241 621 2472 684 donum
2510 639 2583 683 ex
2624 619 2721 695 iis,
2770 638 2928 701 quae

503 725 734 808 accepi,
780 742 898 807 quo
943 742 1051 789 vos
1075 725 1140 789 in
1173 725 1295 789 fide
1340 724 1721 789 confirmem.
1767 760 1853 772 —
1893 718 2168 806 χάρισμα,
2216 720 2472 785 effectus
2514 723 2623 799 τῆς
2666 716 2929 802 χάριτος,

505 829 602 889 est
646 825 960 908 quodlibet
1005 826 1237 890 donum
1281 825 1661 908 gratuitum3
1705 825 1765 888 h.
1813 825 1876 900 1.,
1922 823 2016 888 uti
2061 842 2093 887 e
2137 840 2320 886 versu
2366 821 2652 905 sequenti
2694 821 2922 897 elucet,

503 931 600 991 est
630 944 831 992 sermo
867 948 896 994 s
920 927 1373 1010 apientiae,
1410 944 1612 991 sermo
1645 926 2065 990 scientiae
2094 926 2157 987 et
2180 923 2411 986 donum
2443 921 2930 1004 prophetiae

505 1028 671 1109 (coll.
735 1029 791 1091 1.
852 1024 987 1091 Gor.
1055 1028 1152 1105 12,
1221 1027 1499 1110 8—10.)‚
1564 1045 1721 1110 quae
1786 1027 2019 1091 Paulus
2087 1025 2153 1089 in
2216 1024 2557 1088 utilitatem
2627 1022 2928 1086 ecclesiae

505 1129 847 1210 acceperat,
917 1145 1177 1209 quorum
1221 1145 1358 1203 usu,
1427 1127 1556 1191 scil.
1607 1126 1900 1205 docendo,
1968 1125 2339 1190 exhortando
2407 1126 2470 1188 et
2530 1123 2925 1201 consoland0,

501 1228 800 1293 Romanis
847 1227 1203 1293 christianis
1247 1228 1541 1310 prodesse
1585 1230 1847 1310 poterat.
1892 1263 1978 1274 —
2019 1225 2281 1307 στηρίζω
2325 1224 2639 1289 confirmo,

706 1327 782 1392 V.
832 1328 930 1392 12.
995 1328 1175 1406 „Hoc
1231 1337 1431 1392 autem
1485 1337 1571 1390 cst
1586 1377 1605 1405 ,
1640 1337 1742 1404 ‚ut
1802 1327 1985 1391 simul
2048 1327 2364 1411 confirmer
2428 1325 2588 1388 inter
2651 1345 2757 1387 vos
2808 1345 2930 1410 per

503 1450 867 1492 communem
892 1428 1108 1512 fidem,
1149 1438 1413 1492 vestram
1457 1436 1512 1492 et
1551 1434 1808 1492 mcam“.
1887 1427 2095 1508 Quum
2140 1427 2381 1492 scilicet
2446 1426 2614 1509 prius
2659 1423 2743 1507 (1.
2794 1423 2927 1508 11.)

505 1530 761 1595 dixisset
805 1530 1146 1613 apostolae,
1193 1531 1270 1594 ad
1314 1529 1976 1595 confirmandum
2022 1548 2187 1606 VOS,
2233 1527 2439 1593 verbis
2474 1525 2662 1610 hujus
2684 1544 2924 1600 versuS,

510 1649 587 1694 ne
655 1631 1043 1714 arrogantius
1108 1631 1275 1712 loqui
1341 1631 1671 1710 videretur,
1744 1630 2072 1714 significat,
2142 1649 2208 1693 se
2274 1628 2442 1710 loqui
2510 1627 2586 1690 de
2648 1643 2711 1690 m
2730 1625 2877 1688 utu
2898 1643 2937 1688 a

509 1731 776 1812 quadam
821 1730 1304 1808 confirmatione,
1351 1750 1473 1815 qua
1514 1732 1709 1808 fieret,
1776 1732 1848 1795 ut
1888 1733 1954 1794 et
1995 1731 2177 1813 ipse
2241 1727 2629 1793 vicissim
2674 1727 2752 1792 ab
2797 1725 2925 1790 illis

505 1829 984 1895 confirmaretur.
1012 1830 1293 1897 Ecclesia
1311 1832 1441 1895 scil.
1466 1832 1757 1896 estvivus
1782 1831 2191 1915 organismus,
2213 1835 2309 1895 est
2343 1847 2631 1911 corpus
2664 1824 2929 1910 (Christi

507 1929 890 2014 mysticum),
957 1933 1132 2014 cujus
1179 1933 1425 2015 singula
1468 1933 1754 1996 membra
1798 1934 1942 1997 sunt
1984 1932 2050 1995 in
2094 1931 2442 1996 arctissimo
2490 1949 2647 1994 nexu
2691 1929 2755 1992 et
2800 1927 2922 1991 sibi

504 2030 774 2096 invicem
817 2032 1180 2110 inserviunt,
1225 2033 1321 2097 uti
1355 2034 1643 2098 membra
1676 2033 1941 2116 corporis
1972 2033 2291 2096 naturalis.
2339 2031 2684 2115 Episcopus
2718 2045 2927 2093 corro-

507 2132 686 2196 borat
730 2133 1021 2211 docend0,
1089 2134 1462 2198 exhortando
1507 2140 1570 2198 et
1613 2134 1982 2198 consolando
2049 2134 2243 2198 vitam
2308 2131 2589 2197 fidelium
2656 2130 2720 2194 in
2780 2129 2929 2206 fide,

505 2250 576 2295 ac
619 2232 845 2296 iterum
890 2233 1159 2316 episcopi
1205 2234 1334 2297 vita
1387 2235 1450 2298 in
1514 2234 1635 2301 fide
1700 2235 2058 2298 accenditur
2124 2237 2186 2298 et
2250 2233 2475 2298 crescit
2539 2249 2651 2314 per
2713 2230 2927 2294 vivam

503 2331 780 2396 fidelium
823 2332 1028 2396 fidem.
1119 2333 1326 2398 Verba
1368 2335 1521 2398 haec
1566 2335 1757 2400 simul
1804 2335 2026 2400 docent
2082 2351 2378 2418 magnam
2421 2332 2603 2398 Pauli
2665 2329 2929 2394 mode-

505 2451 534 2496 s
554 2432 671 2496 tia
687 2451 770 2496 m.

714 2533 788 2599 V.
837 2534 933 2600 13.
978 2533 1192 2613 „Nolo
1236 2543 1436 2598 autem
1477 2557 1581 2599 vos
1622 2537 1911 2622 iqnorare
1937 2536 2206 2621 fratres,
2248 2557 2341 2599 me
2382 2557 2559 2620 saepe
2602 2532 2926 2598 consilium

506 2631 595 2695 ad
635 2655 741 2696 vos
780 2634 1062 2698 veniendi
1115 2636 1368 2720 cepisse,
1426 2636 1512 2720 (ct
1541 2637 1920 2722 prohibitum
1962 2659 2083 2701 esse
2124 2659 2309 2723 usque
2365 2636 2657 2721 1199)-
2697 2633 2927 2698 Verbis

503 2733 602 2797 his
672 2734 1003 2819 significat,
1071 2755 1137 2801 se
1182 2755 1303 2802 non
1367 2740 1617 2802 tantum
1685 2738 2069 2803 desiderasse
2137 2757 2240 2803 eos
2304 2737 2490 2813 adire,
2560 2737 2667 2801 sed
2732 2734 2927 2798 etiam

504 2835 830 2900 consilium
878 2837 1120 2920 cepisse
1165 2855 1268 2902 eos
1313 2838 1596 2914 adeundi,
1645 2838 1955 2921 simulque
2001 2859 2066 2903 se
2128 2841 2397 2916 excusat,
2466 2857 2574 2902 cur
2618 2835 2924 2900 desiderio

504 2936 780 3000 nondum
815 2937 1219 3014 satisfecerit3
1263 2937 1602 3021 impeditus
1628 2939 1792 3003 enim
1818 2943 1949 3004 erat
1974 2940 2289 3022 evangelio
2312 2941 2378 3005 in
2402 2940 2539 3004 aliis
2560 2938 2921 3022 regionibus

508 3037 931 3118 praedicando.
980 3038 1268 3104 Phrasis:
1316 3038 1386 3101 οὐ
1416 3042 1579 3101 θέλω
1616 3038 1770 3120 ὑμᾶς
1797 3039 2021 3121 ἀγνοεῖν
2065 3060 2248 3124 saepe
2272 3041 2537 3106 occurrit
2557 3041 2622 3106 in
2644 3039 2926 3123 epistolis

505 3156 552 3202 s.
599 3138 799 3216 Pauli,
847 3143 908 3204 et
953 3141 1237 3206 denotat:
1302 3143 1457 3207 scire
1503 3160 1610 3206 vos
1657 3143 1812 3220 volo,
1861 3162 2007 3207 seu:
2068 3161 2377 3208 memores
2421 3160 2529 3207 vos
2577 3159 2715 3205 esse
2759 3141 2917 3204 1919.

501 3235 757 3320 ἀδελφοί
795 3240 1084 3325 (fratres).
1132 3241 1266 3307 Vox
1303 3243 1456 3308 haec
1498 3243 1703 3308 latiori
1748 3243 2099 3327 significatu
2144 3244 2397 3308 denotat
2430 3260 2614 3325 saepe
2635 3241 2921 3306 homines

508 3356 750 3422 quoquo
795 3343 977 3407 modo
1025 3343 1147 3407 sibi
1191 3344 1569 3426 conJunctoS,
1634 3345 1760 3410 sive
1818 3345 2064 3410 vinculo
2130 3344 2489 3427 originis
2557 3342 2730 3425 (ergo
2775 3358 2923 3405 con-

507 3442 876 3522 sanguineos
921 3443 1416 3528 popularesque),
1466 3446 1595 3510 sive
1640 3447 1886 3510 vinculo
1930 3445 2377 3528 religionis
2423 3444 2734 3528 ejusdem:
2778 3442 2920 3506 ideo

502 3541 565 3604 in
610 3539 688 3605 N.
736 3541 805 3605 Τ.
854 3543 1175 3608 christiani
1220 3563 1404 3628 saepe
1448 3550 1748 3612 vocantur
1790 3546 2046 3626 ἀδελφοί
2084 3545 2377 3630 (fratres),
2438 3561 2918 3625 nonnunquam:

501 3641 752 3721 ἀδελφοι
817 3645 874 3703 ἐν
939 3647 1114 3725 κυρίῳ
1178 3644 1426 3728 (fratres
1489 3647 1555 3710 in
1611 3648 1924 3732 Domino).
1986 3683 2072 3694 —
2129 3647 2265 3726 „Ut
2328 3642 2591 3730 aliquem
2637 3643 2927 3728 fructum

471 3742 754 3839 ¹habeam
797 3745 980 3808 etiam
1021 3746 1090 3808 in
1133 3745 1319 3824 vobis,
1362 3747 1515 3810 sicut
1557 3757 1613 3810 ct
1652 3749 1720 3811 in
1764 3749 1972 3812 ceteris
2012 3746 2325 3832 ymztibus“
2339 3770 2363 3828 ‚·
2427 3745 2605 3829 quasi
2648 3745 2922 3810 diceret:

501 3843 872 3926 (Consilium
917 3847 996 3910 ad
1039 3865 1150 3912 vos
1192 3848 1478 3913 veniendi
1525 3867 1709 3932 saepe
1754 3849 1946 3914 habui
1987 3849 2149 3933 ideo)
2194 3848 2267 3912 ut
2310 3848 2499 3913 etiam
2561 3847 2724 3911 inter
2785 3863 2916 3922 vos,

504 3945 667 4010 sicut
708 3946 870 4012 inter
913 3947 1066 4012 alias
1110 3952 1330 4033 gentes
1375 3949 1650 4014 fructum
1694 3951 1965 4032 aliquem
2010 3949 2335 4033 apostolici
2376 3948 2605 4012 laboris
2628 3947 2915 4023 habeam,

500 4049 846 4113 doctrinam
889 4049 1186 4114 nimirum
1228 4051 1403 4115 vobis
1448 4051 1527 4115 ab
1573 4050 1713 4114 aliis
1767 4051 2082 4127 traditam,
2152 4049 2583 4126 continuando,
2631 4047 2915 4130 augendo

501 4150 564 4212 et
607 4149 1068 4215 corroborando.
1115 4187 1199 4198 --
1242 4150 1440 4215 Adest
1479 4150 1580 4215 hic
1603 4169 1806 4217 sermo
1850 4151 2503 4234 metaphoricus,
2554 4169 2591 4214 a
2637 4151 2913 4213 satore

503 4249 891 4334 desumptus.
967 4251 1205 4318 Paulus
1250 4256 1347 4316 est
1393 4255 1593 4328 sator3
1663 4251 1931 4316 mundus
1993 4251 2245 4334 gentilis
2312 4255 2409 4315 est
2453 4269 2635 4335 ager:
2702 4248 2914 4313 fideles

501 4351 732 4434 singuli
776 4356 921 4417 sunt
960 4351 1219 4431 fructus,
1267 4371 1451 4434 quem
1496 4354 1811 4435 apostolus
1850 4353 2071 4418 ultimo
2094 4371 2215 4418 non
2239 4351 2378 4430 sibi,
2426 4355 2533 4417 sed
2580 4349 2911 4416 Christo

499 4451 754 4534 colligit,
802 4453 907 4533 qui
950 4455 1162 4518 autem
1205 4453 1329 4536 ipsi
1374 4453 1563 4518 etiam
1609 4453 1868 4518 utilitati
1912 4457 2009 4518 est
2052 4455 2130 4520 ob
2174 4455 2522 4538 praemium
2565 4455 2907 4529 aeternum,

498 4551 660 4635 quod
703 4552 838 4635 ejus
883 4570 1069 4617 causa
1109 4553 1343 4635 recipit.

3202 1514 3215 1970 ᾼὴ-ᾼ--ι-ψ
3203 1438 3211 1481 -.
3203 1233 3212 1401 -—=-‡
