3234 4992
585 265 709 325 204
1551 260 1661 313 οφ.
1688 259 1767 303 xl.
1796 271 1841 303 v.
1866 262 2035 304 εσ-θσ.

581 449 805 529 quibua
857 449 1022 513 Deus
1089 467 1320 527 omneS,
1394 449 1670 515 ,ludaeos
1739 451 1801 514 et
1867 450 2152 532 gentiles,
2222 449 2299 512 ad
2367 466 2562 512 unum
2624 446 2980 527 eundemque

589 549 777 613 finem
829 549 931 633 [ad
976 551 1241 615 salutem
1300 552 1364 614 in
1412 550 1682 635 Christo)
1730 551 1951 615 ducere
1999 551 2147 624 vult,
2211 548 2597 614 consiliarius
2654 548 2786 630 ejus
2839 547 2983 610 fuit?

797 649 865 713 V.
913 651 1010 715 35.
1061 650 1231 729 „Aut
1272 654 1407 737 quis
1451 662 1636 715 antea
1680 651 1850 714 dedit
1906 653 1982 730 ei,
2044 649 2207 736 quod
2247 648 2625 712 retribuatur
2669 648 2803 711 eiiffl
2883 648 2986 711 Hic

581 749 880 833 probat
939 751 1018 829 id,
1083 752 1245 834 quod
1304 754 1369 817 in
1430 772 1544 818 sua
1606 754 2055 817 exclamatione
2122 753 2387 816 dixerat:
2452 749 2503 814 Ο
2548 749 2987 831 copiosissimas

581 853 913 915 divinae
957 853 1593 919 misericordiae
1641 855 1915 918 divitias!
2006 853 2236 917 Probat
2280 853 2490 916 autem
2535 852 2846 934 copiosam
2892 851 2991 913 Dei

585 953 1073 1017 misericerdiam
1122 955 1282 1033 inde,
1330 957 1494 1038 quod
1542 957 1707 1020 Deus
1769 974 2005 1031 omneS,
2068 954 2342 1019 Judaeos
2403 958 2464 1017 et
2527 953 2811 1035 gentiles,
2871 969 2991 1034 gra-

585 1053 745 1117 tuit—n
805 1053 1121 1133 justificet.
1197 1093 1263 1108 --
1340 1056 1549 1120 Verba
1630 1057 1783 1121 haec
1850 1057 2183 1139 desumpta
2253 1055 2399 1118 sunt
2462 1073 2533 1117 ex
2598 1054 2757 1118 libro
2826 1052 2868 1118 J
2885 1051 2994 1116 obi

585 1153 705 1237 (41,
781 1157 865 1233 3.)
922 1154 1100 1237 juxta
1166 1157 1404 1220 textum
1471 1157 1848 1221 hebraicum.
1955 1156 2108 1221 Vult
2174 1174 2319 1237 ergo
2386 1156 2705 1238 apostolus
2779 1155 2993 1218 dicere:

581 1257 749 1321 Deus
801 1256 953 1321 nulli
1000 1256 1239 1322 debitor
1284 1263 1396 1335 est,
1446 1260 1602 1323 nulli
1650 1260 1775 1323 ullo
1810 1259 1949 1342 jure
1995 1259 2103 1322 aut
2147 1258 2331 1322 titulo
2377 1256 2804 1339 obstringitur,
2872 1255 2996 1338 quia

585 1377 769 1421 nemu
817 1357 1136 1422 hominum
1184 1363 1296 1437 est,
1359 1360 1462 1442 qui
1509 1360 1639 1424 Deo
1704 1360 1937 1441 aliquid
1999 1360 2227 1423 donare
2285 1359 2502 1442 possit,
2565 1358 2655 1421 ita
2713 1359 2786 1421 ut
2845 1356 2993 1419 Deus

585 1457 673 1521 illi
725 1459 1058 1541 rependere
1121 1460 1374 1537 debeat3
1444 1464 1816 1544 quapropter
1883 1478 2061 1523 nemo
2130 1462 2335 1543 potest
2400 1460 2518 1524 sibi
2554 1459 2657 1541 jus
2704 1458 2995 1523 vindicare

585 1561 661 1621 ad
733 1559 1029 1624 beneficia
1095 1562 1319 1639 divina,
1389 1563 1535 1627 hinc
1601 1581 1717 1627 nec
1776 1563 1852 1625 ad
1921 1581 2181 1645 regnum
2228 1560 2637 1637 Messianum,
2707 1560 2788 1623 ad
2830 1559 2995 1623 fidem

589 1661 1025 1736 christianam3
1076 1663 1311 1727 vocatio
1375 1664 1536 1727 enim
1600 1670 1664 1727 et
1723 1664 2068 1746 assumptio
2129 1664 2206 1726 ad
2269 1661 2456 1726 fidem
2504 1661 2906 1727 christianam
2948 1662 2997 1721 et

581 1761 1087 1845 juetificationem
1137 1782 1245 1846 per
1302 1764 1509 1839 fidem,
1572 1765 1665 1827 est
1708 1766 1999 1847 gratuita,
2057 1764 2226 1828 nullo
2279 1764 2418 1846 jure
2477 1763 2689 1827 debita
2744 1761 2997 1845 gratia

585 1861 717 1981 [eeu
773 1863 1165 1948 beneficium)
1221 1865 1351 1929 Dei.
1416 1902 1499 1911 —
1559 1866 1632 1929 In
1694 1866 1899 1930 verbis
1959 1868 2055 1927 καὶ
2113 1862 2672 1945 ἀνταποδοθήσεται
2717 1862 2997 1946 particula

581 1965 673 2021 mi
721 1965 891 2027 reddi
936 1965 1125 2029 debet
1169 1986 1305 2047 per:
1353 1969 1551 2049 quod
1597 1968 1808 2050 (dass).

789 2065 857 2129 V.
907 2067 1005 2130 36.
1055 2066 1409 2145 „Quoniam
1453 2091 1529 2132 ew
1573 2091 1659 2148 ec,
1720 2079 1775 2132 et
1821 2091 1939 2156 per
1983 2091 2115 2133 eum
2174 2079 2229 2133 et
2290 2069 2417 2131 ad
2418 2089 2551 2131 cum
2596 2068 2809 2130 omnia
2851 2064 2991 2147 (scil,

581 2169 813 2249 erint].“
903 2168 1126 2234 Verbis
1187 2170 1284 2234 his
1345 2170 1642 2253 probat
1702 2173 2127 2255 antegressam
2194 2170 2592 2246 sententiam,
2656 2170 2791 2234 scil.
2857 2166 2996 2250 quod

581 2285 617 2329 a
661 2273 905 2333 nemine
953 2271 1288 2353 quidquam
1337 2272 1465 2337 Deo
1513 2273 1702 2338 tribui
1765 2274 1983 2356 possit,
2048 2275 2136 2337 ita
2197 2278 2267 2337 ut
2311 2273 2480 2337 Deus
2524 2272 2620 2336 illi
2680 2270 2995 2354 rependere

581 2369 813 2433 debeat.
867 2407 948 2417 —
995 2369 1209 2449 πάντα,
1276 2375 1572 2452 omnia,
1638 2376 1675 2437 i.
1725 2394 1774 2438 e.
1824 2376 2197 2439 universitas
2256 2392 2459 2438 rerum
2520 2373 2885 2437 creatarum.
2927 2406 2995 2415 -

585 2469 645 2541 ἐξ
689 2469 888 2549 αὐτοῦ,
937 2491 1022 2535 ex
1067 2490 1183 2549 eo,
1231 2474 1268 2537 i.
1321 2494 1368 2537 e.
1421 2495 1491 2538 ex
1538 2476 1668 2539 Deo
1696 2476 1897 2553 Patre,
1947 2479 2244 2557 tanquam
2288 2493 2477 2540 causa
2523 2474 2741 2557 prima,
2790 2473 2994 2544 ideali;

589 2609 657 2617 ⁴—
709 2573 781 2633 m*
829 2572 1025 2651 αὐτοῦ,
1072 2595 1210 2657 per
1269 2595 1476 2653 eum,
1525 2578 1560 2639 i.
1611 2597 1660 2640 e.
1711 2596 1819 2660 per
1864 2577 2064 2641 Deum
2112 2576 2363 2652 Filium,
2411 2579 2711 2657 tanquam
2760 2592 2993 2640 causam

581 2673 982 2751 effectricem3
1028 2682 1112 2746 εἰς
1157 2675 1358 2751 αὐτὸν,
1404 2679 1493 2741 ad
1539 2697 1751 2753 eum,
1800 2678 1836 2741 i.
1887 2697 1935 2741 e.
1965 2678 2042 2741 ad
2087 2677 2291 2742 Deum
2340 2676 2663 2760 Spiritum,
2712 2680 2993 2756 tanquam

581 2793 833 2841 causatu
882 2777 1153 2857 finalem,
1224 2781 1524 2861 quatenus
1583 2780 1687 2842 hic
1746 2781 2093 2844 creaturam
2162 2780 2386 2844 iterum
2434 2796 2576 2843 cum
2625 2778 2813 2842 Patre
2857 2778 2990 2841 unit

581 2877 665 2941 Ex
733 2897 853 2961 qun
916 2881 1330 2961 consequitur,
1392 2880 1603 2944 omnia
1660 2898 1697 2944 a
1755 2880 1885 2945 Deo
1933 2882 2197 2962 pendere
2255 2884 2316 2944 et
2358 2880 2553 2963 ipsius
2598 2898 2739 2943 esse
2783 2880 2989 2943 omnia.

581 2977 701 3057 [Ui.
753 2983 1151 3045 eurnmentar.
1199 2981 1264 3045 in
1309 2999 1526 3063 evang.
1575 3000 1622 3043 s.
1670 2979 1851 3045 Joan.
1907 2984 1961 3058 1,
2010 2982 2114 3064 3..)
2174 3018 2258 3028 —
2317 2982 2446 3060 „Ei
2501 2979 2706 3066 ylon'a
2760 2982 2825 3043 in
2882 3002 2987 3042 sae

573 3081 757 3161 eula-
745 3089 797 3117 ·¹‘
845 3085 879 3145 i.
929 3103 978 3146 e.
1028 3082 1412 3165 glorificetur
1459 3101 1566 3146 seu
1613 3082 1956 3146 celebretur
2000 3083 2063 3146 in
2109 3101 2357 3147 omnem
2423 3083 2873 3147 aeternitatem.
2922 3117 2985 3126 -

577 3181 853 3261 ,Amfflu
857 3183 957 3261 i.
1008 3203 1058 3248 e.
1106 3183 1194 3247 ita
1237 3183 1364 3247 fiat.
2527 3204 2532 3207 ’

737 3565 1078 3680 Sectio
1157 3569 1280 3699 ΙΙ.,
1362 3571 1824 3841 μνειοῒίιῗει
1884 3570 2837 3841 Ιέουιξεινειοηοῒίοει,

1364 3756 1430 3840 a
1505 3757 1590 3841 c.
1749 3798 1872 3809 --
1987 3818 2006 3861 ,
2192 3817 2213 3840 .

1573 3988 1817 4088 caput
1870 3988 2011 4067 ΧΙΙ.

777 4189 1396 4269 Argumentum.
1485 4189 1779 4272 Exposita
1824 4193 2101 4256 doctrina
2146 4190 2219 4254 de
2263 4190 2537 4272 gratuita
2574 4189 2979 4273 justifica-

573 4289 801 4353 tione
849 4308 951 4371 per
997 4290 1027 4351 f
1041 4289 1166 4353 ide
1191 4309 1286 4367 m,
1355 4291 1581 4354 transit
1624 4310 1787 4355 nunc
1832 4294 2151 4374 apostolus
2212 4292 2288 4355 ad
2352 4295 2679 4373 praecepta
2738 4307 2975 4355 morum.

573 4389 653 4453 Et
697 4389 947 4469 quidem
998 4391 1112 4455 hoc
1159 4392 1359 4473 capite
1403 4392 1665 4456 lectores
1728 4392 1791 4454 in
1853 4394 2329 4456 universum
2393 4394 2623 4469 monet,
2689 4396 2758 4455 ut
2814 4388 2981 4474 agant

581 4489 769 4553 vitam
845 4491 1178 4555 christiano
1234 4492 1484 4556 homine
1532 4492 1804 4575 dignam,
1873 4494 1943 4556 ut
2006 4494 2146 4557 Deo
2216 4512 2351 4557 sese
2414 4498 2778 4558 consecrent
2835 4495 2978 4556 totos
