3234 4992
1341 212 1453 267 eq».
1477 213 1598 259 ιη
1622 224 1671 257 v.
1692 216 1836 258 'r-u.
2666 216 2795 285 245

366 407 449 471 εἰς
512 400 668 481 ὑμᾶς
725 400 831 483 (in
875 420 1050 479 vos,
1094 401 1134 465 i.
1183 421 1232 465 e.
1281 420 1427 484 erga
1469 401 1626 484 vos).
1717 400 1839 467 Sed
1902 401 2086 467 lectio
2128 400 2440 485 Vulgatae
2494 401 2789 484 praeferri

363 503 610 567 videtur
652 503 731 568 ob
799 504 1042 567 codices
1103 504 1677 586 praestantissimos
1733 502 2029 588 (DEFG).
2118 504 2193 568 In
2249 522 2397 585 quo
2455 504 2555 569 hic
2616 504 2789 569 labor

361 607 472 669 aut
517 605 632 669 hoc
678 623 834 687 opus
879 606 1249 683 constiterit,
1296 624 1419 670 non
1463 607 1751 689 exprimit
1795 606 2134 689 apostolus.
2198 604 2498 670 Nonnulli
2544 607 2784 689 putant,

358 705 636 771 laborem
661 706 861 770 istum
899 706 1272 790 pertinuisse
1318 707 1399 771 ad
1442 726 1475 771 e
1500 707 1874 790 vangelii
1918 706 2241 790 negotium
2262 707 2786 789 promovendum3

356 808 467 873 alii
508 808 736 872 iterum
781 814 1057 882 censent,
1102 807 1293 872 fuisse
1355 827 1569 873 curam
1623 827 2071 891 pauperum
2116 811 2180 871 et
2240 810 2781 891 aegrotorum.

556 909 634 976 V.
681 910 737 973 7.
784 908 1115 989 „Salutate
1157 909 1583 974 Andronicum
1642 918 1698 973 et
1737 908 2064 973 Juniam.“
2150 907 2309 973 Sunt
2367 910 2486 973 duo
2530 909 2784 974 nomina

352 1010 649 1075 virorum.
719 1050 804 1059 -
871 1010 1224 1097 „Coqnatos
1301 1033 1459 1075 meos
1533 1020 1590 1074 et
1652 1011 2035 1097 concaptivos
2097 1013 2319 1073 meo⁸.“
2419 1009 2619 1075 Vocat
2681 1028 2783 1074 eos

349 1110 592 1177 Paulus
658 1117 1093 1197 cognatos,
1153 1114 1298 1195 quia
1363 1113 1593 1177 fuerint
1652 1112 1915 1188 Judaei;
1979 1115 2087 1175 aut
2152 1111 2315 1193 quod
2381 1110 2779 1175 verisimilius

351 1216 467 1291 est,
537 1214 680 1296 quia
740 1215 936 1280 Paulo
983 1213 1549 1290 contribuleS,
1606 1213 1648 1277 i.
1699 1232 1749 1276 e.
1798 1213 1874 1277 de
1933 1212 2100 1277 tribu
2142 1212 2473 1295 Benjamin
2528 1210 2777 1276 fuerint.

351 1310 400 1376 C
423 1331 458 1378 o
481 1333 521 1377 n
544 1316 927 1397 captivos
973 1316 1125 1379 dicit
1164 1332 1289 1389 eos,
1350 1315 1512 1398 quod
1567 1314 1899 1397 aliquando
1961 1313 2027 1378 in
2085 1315 2303 1377 eodem
2346 1330 2587 1394 carcere
2631 1330 2776 1376 cum

346 1416 630 1496 apostolo
688 1416 953 1492 fuerint;
1034 1416 1342 1499 quando
1406 1434 1546 1480 vero
1613 1419 1677 1479 et
1740 1415 1876 1480 ubi
1939 1415 2175 1479 factum
2243 1414 2359 1492 sit,
2429 1414 2773 1496 ignoratur.

346 1513 520 1579 Nam
557 1515 738 1599 juxta
783 1515 1293 1582 Clementem
1337 1516 1525 1581 Rom
1573 1516 1680 1600 (ad
1722 1515 1857 1581 Cor.
1894 1534 1943 1580 c.
1969 1516 2059 1597 5.)
2104 1535 2150 1580 s,
2176 1516 2411 1580 Paulus
2458 1514 2773 1598 septies

347 1614 474 1679 fuit
530 1614 606 1680 ob
655 1614 977 1682 Christum
1040 1620 1472 1684 incarceratus.
1535 1655 1623 1665 —
1680 1617 1857 1698 „Qui
1910 1618 2176 1703 insiqnes
2228 1626 2370 1681 sant
2424 1616 2585 1679 inter
2627 1637 2771 1701 apo-

345 1714 613 1797 stolos,·“
655 1719 691 1781 i.
742 1737 791 1783 e.
841 1720 946 1801 qui
988 1718 1264 1802 insignes
1311 1724 1458 1784 sunt
1512 1720 1677 1785 inter
1738 1723 2012 1786 doctores
2073 1719 2464 1784 christianos.
2554 1716 2621 1782 Si
2678 1716 2770 1779 ita

345 1818 701 1900 explicetur,
747 1838 863 1883 vox
907 1822 1334 1903 apostolus
1393 1824 1664 1887 sumitur
1721 1821 2073 1905 significatu
2130 1819 2421 1885 latiori
2479 1817 2579 1903 (ut
2618 1817 2762 1882 Act.

346 1918 447 1995 14,
517 1918 663 2003 14.).
755 1920 821 1985 Si
887 1927 1098 1987 autem
1166 1942 1285 1987 vox
1347 1923 1473 1988 ista
1540 1924 1843 2006 accipitur
1915 1921 2327 1989 strictiori
2393 1920 2763 2005 significatu,

341 2037 568 2084 sensus
615 2026 747 2085 est:
794 2020 916 2101 Qui
960 2024 1262 2107 (egregie)
1308 2025 1542 2107 cogniti
1594 2027 1658 2088 et
1698 2026 1910 2107 magni
1952 2023 2268 2089 aestimati
2310 2025 2455 2087 sunt
2497 2021 2576 2086 ab
2620 2037 2766 2104 apo-

343 2120 522 2185 stolis
565 2123 870 2207 (Beelen).
937 2163 987 2169 ---
1044 2124 1222 2204 „Qui
1261 2126 1444 2188 etiam
1486 2134 1629 2188 ante
1669 2146 1761 2187 me
1810 2126 1878 2187 in
1929 2122 2164 2189 Christo
2206 2122 2553 2208 fueruntf‘
2610 2121 2649 2185 i.
2711 2140 2761 2184 θ.

341 2222 448 2305 qui
492 2224 726 2306 priores
772 2242 873 2288 me
917 2226 1244 2291 christiani
1292 2225 1443 2289 facti
1485 2227 1647 2291 sunt.

541 2324 592 2389 V
607 2372 623 2387 .
687 2326 746 2390 8.
811 2323 1140 2404 „Salutate
1203 2324 1589 2410 Ampliatwn
1602 2374 1623 2405 ,
1698 2324 1982 2388 dilectum
2044 2345 2239 2388 meum
2300 2322 2368 2386 in
2430 2320 2766 2385 Domin0.“

337 2427 485 2491 Am
508 2427 829 2509 pliatus
877 2446 1098 2491 nomen
1141 2429 1455 2510 proprium
1498 2428 1616 2492 viri
1662 2431 1759 2492 est
1802 2427 1966 2509 apud
2017 2425 2291 2501 LatinOS,
2337 2422 2501 2504 quod
2543 2421 2764 2487 Graeci

339 2530 744 2593 decurtarunt
787 2530 852 2592 in
893 2528 1194 2609 Ἀμπλίας.
1265 2528 1520 2594 Verbis:
1566 2530 1645 2592 in
1690 2529 1749 2593 D
1768 2547 1883 2593 om
1905 2530 2033 2592 ino
2052 2578 2067 2607 ‚
2114 2526 2351 2591 indicat
2394 2524 2762 2589 charitatem

335 2630 748 2694 christianam
795 2629 891 2712 (ut
934 2649 990 2694 v.
1035 2630 1144 2713 2.).

546 2730 619 2794 V.
667 2732 725 2795 9.
775 2729 1106 2809 „Salutate
1164 2730 1498 2810 Urbanum,
1541 2741 1989 2817 cooperatorem
2030 2738 2303 2793 nostrum
2342 2729 2412 2791 i‘n
2462 2723 2762 2791 Christo.“

331 2867 420 2877 —
461 2830 620 2895 Vide
665 2850 721 2896 v.
770 2833 828 2896 3.
882 2870 952 2877 -
1000 2832 1129 2910 „Et
1194 2830 1487 2915 Stachyn,
1547 2832 1831 2895 dilectum
1881 2836 2139 2895 meum.“
2223 2830 2345 2893 Hic
2406 2827 2758 2911 stachys

334 2951 374 2997 a
435 2933 776 3017 Hippolyto
837 2937 900 2997 et
956 2934 1266 2999 Dorotheo
1322 2951 1482 2995 unus
1527 2952 1560 2995 e
1607 2933 1691 2997 70
1740 2932 2063 3014 discipulis
2121 2934 2184 2994 et
2242 2930 2459 3014 postea
2518 2929 2757 3012 primus

336 3034 721 3117 Byzantinae
768 3034 1040 3099 civitatis
1085 3035 1409 3117 episcopus
1454 3032 1649 3097 fuisse
1693 3032 2062 3114 perhibetur.

533 3135 608 3199 V.
658 3135 755 3201 10.
802 3135 1131 3214 „Salutate
1187 3133 1463 3221 Apellen,
1517 3133 1853 3220 probatum
1918 3134 1985 3195 in
2058 3130 2357 3210 Christo&
2422 3132 2463 3195 i.
2528 3149 2579 3194 e.
2628 3130 2755 3195 sin-

333 3253 470 3299 cere
513 3236 940 3301 christianum.
1029 3234 1292 3317 δόκιμος,
1335 3238 1655 3321 probatus
1702 3236 2013 3310 sincerus3
2072 3233 2151 3297 in
2198 3231 2569 3309 Christo,
2615 3231 2655 3295 i.
2702 3250 2753 3295 e.

331 3332 750 3401 christianus(
792 3330 879 3385 -'-
937 3336 1265 3416 „Salutate
1328 3360 1426 3401 eos
1439 3386 1458 3417 ,
1520 3338 1628 3423 qui
1690 3344 1830 3399 eunt
1892 3356 1969 3399 ecc
2032 3331 2375 3397 Aristobali
2419 3329 2754 3417 familia“,

332 3437 372 3499 i.
423 3456 473 3500 e.
522 3437 874 3503 Aristobuli
918 3438 1310 3517 domesticOS‚
1358 3440 1462 3521 qui
1507 3438 1824 3504 christiani
1869 3438 2031 3502 sunt.
2120 3439 2257 3505 τοὺς
2312 3438 2374 3496 ἐκ
2436 3436 2551 3494 ταῖν
2592 3430 2752 3513 Ἀρι-

328 3535 688 3617 mosomo-v,
734 3540 972 3604 scilicet
1015 3544 1289 3601 οἰκιακῶν
1335 3540 1741 3625 (domestici);
1789 3540 1915 3616 sed,
1975 3538 2070 3602 uti
2113 3556 2146 3600 e
2190 3556 2371 3600 versu
2416 3536 2512 3599 11.
2559 3535 2751 3617 patet,

329 3640 522 3702 simul
565 3640 666 3704 hic
711 3644 920 3703 mente
967 3641 1382 3723 supplendum
1427 3646 1559 3706 est:
1612 3640 1752 3713 τοὺς
1796 3639 1964 3710 ὄντας
2006 3642 2067 3701 ἐν
2108 3641 2305 3720 κυρίῳ,
2348 3638 2454 3720 qui
2498 3640 2643 3702 sunt
2686 3636 2750 3700 in

326 3740 618 3818 Domino,
666 3740 705 3805 i.
755 3760 806 3805 e.
855 3741 1193 3806 christiani.

535 3841 608 3905 V.
672 3842 768 3905 11.
842 3839 1124 3905 Salutate
1189 3843 1618 3922 Herodimzem,
1677 3851 1995 3928 coquatum
2059 3847 2322 3905 meum.“
2405 3840 2500 3905 De
2563 3858 2746 3904 voce:

325 3945 768 4024 cognatum
826 3944 947 4007 vid.
1010 3963 1064 4008 v.
1131 3945 1186 4008 7.
1249 3981 1332 3991 —
1393 3944 1721 4023 „Salutate
1772 3966 1889 4024 eos,
1953 3945 2060 4030 qui
2120 3952 2261 4006 sunt
2322 3962 2399 4005 ex
2459 3940 2751 4004 Narcissi

307 4038 645 4124 familia,“
689 4044 726 4107 i.
775 4064 824 4107 e.
873 4046 1249 4110 domesticos
1295 4046 1577 4110 Narcissi
1619 4047 1741 4128 (uti
1782 4047 1953 4129 prius
1998 4066 2054 4111 v.
2105 4047 2250 4130 10.).
2298 4044 2482 4111 Hunc
2544 4046 2605 4110 N
2624 4065 2739 4110 ar-

323 4142 628 4207 cissum
673 4146 952 4210 nonnulli
996 4150 1220 4229 putant
1267 4146 1599 4212 Claudii
1642 4148 2029 4231 imperatoris
2074 4148 2385 4212 famosum
2423 4148 2736 4213 libertum.

322 4240 533 4321 Quum
598 4245 704 4308 hic
761 4246 896 4327 jam
964 4247 1140 4311 initio
1207 4248 1452 4332 imperii
1497 4248 1857 4315 Neronis
1923 4254 2122 4314 morte
2190 4252 2495 4315 multatus
2552 4253 2738 4330 esset,

324 4345 644 4425 apostolus
691 4346 1066 4412 domesticos
1113 4350 1262 4431 ejus»,
1329 4350 1433 4431 qui
1494 4350 1818 4417 christiani
1875 4351 2028 4416 facti
2072 4355 2297 4430 essent,
2356 4352 2607 4418 salutat.
2659 4388 2733 4397 —-

317 4491 357 4521 „
369 4442 496 4517 Qui
535 4455 676 4509 sant
716 4447 783 4510 in
827 4448 1158 4529 Domino“,
1201 4450 1240 4514 i.
1289 4470 1338 4513 e.
1389 4450 1494 4533 qui
1538 4451 1857 4515 christiani
1901 4456 2061 4516 sunt.
2154 4453 2349 4517 Addit
2393 4454 2527 4535 hoc,
2575 4454 2735 4537 quod

317 4543 444 4610 fors
489 4564 612 4612 non
655 4566 870 4613 omnes
912 4549 1190 4615 Narcissi
1234 4550 1556 4616 domestici
1598 4550 1787 4615 fidem
1834 4550 2065 4618 Christi
2107 4555 2497 4638 recepissent.
