3234 4992
533 232 662 297 234
1507 228 1619 283 cap.
1642 230 1741 274 xv.
1764 240 1813 272 v.
1837 228 1986 273 9-ιο,

537 420 751 481 tamen
797 416 976 481 datur
999 415 1331 481 discrimen
1357 416 1606 499 aliquod
1650 416 1813 481 inter
1834 417 2106 482 Judaeos
2150 420 2214 481 et
2256 416 2543 499 gentiles.
2608 417 2653 482 J
2668 418 2967 481 udaeis

535 518 829 582 nimirum
878 518 1077 582 factae
1123 525 1268 585 sunt
1320 519 1916 601 promissiones
1982 520 2055 583 de
2100 519 2332 583 Messia
2389 524 2453 583 et
2516 519 2593 583 de
2654 520 2852 583 salute
2899 521 2969 583 in

537 638 625 694 eo,
674 622 737 682 et
779 619 936 697 ideo,
984 622 1266 702 quamvis
1303 640 1412 703 per
1457 621 2131 685 misericordiam
2175 620 2377 684 factae
2418 620 2668 698 fuerint,
2712 622 2973 703 propter

535 720 1090 785 veracitatem
1141 723 1254 785 Dei
1297 742 1407 804 per
1442 722 1758 805 justitiam
1806 723 2118 805 quandam
2164 724 2340 785 erant
2385 721 2972 805 adimplendae

540 824 601 885 et
648 821 1041 887 exhibendae.
1134 822 1624 888 Gentilibus
1671 826 1906 899 contra,
1966 823 2111 887 licet
2162 823 2608 905 praedicta
2667 823 2856 886 fuerit
2904 825 2975 885 et

541 940 748 987 eorum
807 923 872 987 in
933 924 1258 988 ecclesiam
1307 923 1540 989 Christi
1600 925 1890 1007 receptio,
1951 926 2124 989 nulla
2182 923 2305 989 fuit
2368 924 2759 1007 peculiariter
2802 924 2977 987 facta

537 1024 1025 1107 promissi0;
1109 1031 1479 1108 quapropter
1545 1027 1715 1091 Deus
1798 1027 1969 1091 nulla
2046 1026 2455 1109 promissione
2534 1026 2704 1090 obli
2720 1026 2976 1108 gatus

547 1127 677 1189 erat
721 1126 798 1189 ad
843 1128 1323 1208 praestandum3
1383 1127 1642 1209 ideoque
1686 1146 1795 1209 per
1838 1146 2131 1191 meram
2180 1127 2841 1191 misericordiam
2888 1128 2977 1190 ad

535 1226 807 1309 gratiam
874 1228 1314 1309 redemptionis
1381 1229 1584 1292 vocati
1654 1233 2001 1293 censentur.
2093 1228 2273 1293 Unde
2328 1228 2975 1292 ethnico-christianis

535 1328 690 1410 ipsis
734 1328 1149 1412 colligendum
1194 1328 1504 1411 relinquit,
1551 1329 1715 1411 quod
1772 1348 1896 1394 non
1958 1329 2227 1393 debeant
2288 1348 2355 1393 se
2415 1330 2681 1412 superbe
2744 1328 2975 1392 efferre

539 1431 604 1491 et
663 1432 1058 1493 contemnere
1120 1429 1822 1495 Judaeo-ohristianos.
1913 1429 2187 1509 δοξάσαι,
2250 1431 2841 1514 glorificasse,
2906 1431 2975 1494 in

537 1529 782 1608 aoristO,
829 1531 974 1612 quia
1016 1532 1332 1614 apostolus
1378 1532 1552 1597 illam
1596 1533 1927 1615 gentilium
1988 1533 2053 1597 in
2098 1533 2425 1597 ecclesiam
2472 1532 2971 1615 assumptionem

529 1629 661 1713 jam
708 1629 1014 1697 factam
1060 1632 1366 1715 supponit.

743 1734 818 1798 V.
866 1734 924 1799 9.
971 1732 1190 1813 „Sicut
1248 1736 1538 1820 saraptam
1601 1741 1747 1813 est“,
1806 1736 2101 1799 nimirum
2160 1735 2229 1799 in
2290 1735 2535 1817 psalmo
2606 1734 2701 1798 17.
2764 1733 2967 1815 (hebr.

541 1834 666 1918 18.)
723 1854 784 1899 v,
841 1835 943 1901 50.
1032 1837 1333 1901 Probat
1388 1855 1552 1901 nunc
1617 1838 1881 1919 quatuor
1944 1837 2231 1901 adductis
2293 1836 2709 1913 testimoniis,·
2747 1853 2971 1917 prae-

538 1935 848 2000 dictum
895 1937 1045 2001 olim
1102 1937 1314 2014 fuisse,
1374 1938 1502 2002 fore
1563 1942 1636 2002 ut
1693 1938 1862 2001 Deus
1924 1938 2419 2003 misericordiam
2479 1935 2970 2021 gentilibus

540 2037 886 2114 exhiberet3
953 2038 1138 2121 idque
1202 2038 1367 2115 facit,
1435 2038 1528 2103 uti
1571 2038 1857 2103 Estius
1920 2042 2153 2117 monet,
2221 2038 2489 2103 maxime
2532 2042 2785 2121 propter
2825 2036 2871 2101 J
2888 2056 2969 2101 u-

539 2138 814 2218 daeos,
881 2141 954 2204 ut
1015 2141 1242 2223 quibus
1305 2140 1558 2205 difficile
1626 2138 1789 2207 esset
1854 2142 2247 2222 persuadere,
2316 2139 2586 2223 gentiles
2651 2138 2969 2202 vocandos

546 2258 683 2303 esse
751 2240 829 2303 ad
896 2242 1434 2325 participationem
1495 2242 2098 2307 beneficiorum
2162 2242 2561 2319 Messiae,
2632 2240 2773 2318 sibi,
2840 2256 2968 2303 non

539 2342 880 2423 gentilibus
926 2344 1230 2424 promissi.
1279 2380 1360 2391 -—
1404 2343 1787 2428 „Propterea
1831 2342 2101 2407 laudabo
2159 2352 2215 2407 te
2255 2344 2417 2406 inter
2472 2350 2693 2427 qentcS,
2752 2349 2808 2403 ct
2864 2361 2967 2403 no-

537 2442 698 2505 mini
737 2451 839 2505 mo
883 2442 1205 2507 cantab0.“
1265 2444 1338 2508 In
1382 2446 1623 2527 psalmo
1668 2446 1782 2511 hoc
1826 2445 2139 2527 promittit
2162 2444 2384 2522 David,
2431 2462 2495 2507 se
2538 2443 2703 2507 inter
2745 2442 2967 2524 gentes

541 2542 993 2607 celebraturum
1053 2563 1189 2608 esse
1246 2546 1452 2609 Deum
1514 2550 1764 2628 propter
1836 2546 2265 2610 liberationem
2334 2562 2512 2609 suam
2575 2562 2609 2607 e
2673 2542 2969 2607 manibus

542 2642 850 2721 hostium3
914 2645 1021 2707 sed
1065 2645 1254 2709 verba
1295 2646 1468 2724 haec,
1531 2666 1722 2728 quum
1767 2646 1969 2713 David
2014 2650 2255 2730 typus
2302 2647 2466 2710 esset
2508 2644 2798 2724 Messiae,
2861 2645 2967 2708 do-

539 2746 717 2809 cente
762 2745 976 2823 Paulo,
1021 2747 1334 2829 pertinent
1381 2748 1572 2811 etiam
1617 2750 1698 2813 ad
1740 2748 2065 2827 Messiam,
2112 2749 2177 2812 in
2222 2749 2399 2832 cujus
2442 2766 2545 2811 ore
2590 2745 2969 2856 perfecte

536 2847 796 2929 impleta
863 2851 1044 2925 sunt,
1134 2848 1377 2930 quando
1457 2850 1878 2932 apostolorum
1966 2849 2305 2914 ministerio
2373 2847 2800 2931 praedicatum
2870 2851 2968 2910 est

538 2949 928 3032 evangelium
973 2950 1145 3013 omni
1190 2954 1502 3013 creaturae
1547 2952 1609 3013 et
1655 2951 1845 3014 etiam
1906 2951 2173 3033 gentiles
2230 2950 2298 3013 in
2354 2949 2683 3013 ecclesiam
2730 2946 2967 3012 Christi

541 3050 774 3132 recepti
838 3054 1017 3126 sunt3
1075 3069 1224 3117 nam
1283 3054 1432 3115 tunc
1493 3051 1831 3115 celebravit
1878 3050 2160 3115 Christus
2203 3050 2411 3115 Deum
2469 3050 2631 3113 inter
2674 3050 2965 3133 gentiles,

535 3150 773 3215 Verba:
820 3152 1130 3216 nomini
1176 3156 1312 3216 tuo
1359 3153 1724 3217 cantabo
1770 3153 2067 3217 denotant
2106 3153 2270 3216 idem
2319 3170 2423 3215 ac:
2468 3150 2824 3216 laudabo
2872 3150 2963 3214 te.

535 3252 783 3332 ψαλλεῖν
845 3253 942 3317 est
1001 3250 1340 3317 cantare
1398 3271 1669 3318 unacum
1732 3254 2084 3336 pulsatione
2142 3254 2706 3317 instrumentorum
2768 3250 2965 3313 musi-

537 3371 790 3430 corum;
839 3354 980 3418 inde
1001 3352 1244 3435 ψαλμός
1285 3354 1529 3437 proprie
1573 3354 1957 3436 pulsatio
2001 3355 2559 3419 instrumentorum
2585 3352 2965 3415 musicorum

535 3450 762 3515 fidibus
804 3453 1288 3532 instructorum3
1333 3456 1474 3519 dein
1499 3455 1633 3537 ipse
1679 3457 1977 3519 cantus
2022 3455 2141 3520 hac
2186 3454 2535 3537 pulsatione
2576 3452 2961 3535 conjunctus,

536 3551 693 3616 Vult
732 3552 926 3635 igitur
969 3574 1016 3619 S.
1066 3557 1384 3638 apostolus
1443 3556 1648 3619 verbis
1713 3574 1923 3619 versus
1968 3555 2027 3619 9.
2076 3555 2308 3620 dicere:
2357 3554 2531 3619 Sicut
2589 3554 2753 3635 apud
2798 3553 2966 3631 psal-

543 3654 799 3717 mistam
853 3654 988 3736 ipse
1032 3655 1318 3721 Christus
1379 3656 1564 3721 dicit:
1626 3655 1905 3720 Laudem
1964 3660 2139 3721 tuam
2195 3655 2569 3739 praedicabo
2612 3654 2776 3719 inter
2814 3672 2968 3737 gen-

538 3756 695 3819 tiles.
747 3790 827 3802 --—
878 3754 981 3819 Sic
1025 3756 1330 3837 probavit,
1377 3756 1765 3840 praedictum
1799 3757 2013 3837 fuisse,
2059 3756 2188 3821 fore
2230 3757 2303 3821 ut
2344 3758 2614 3841 gentiles
2658 3756 2725 3819 in
2769 3755 2967 3819 ecclc-

541 3858 699 3922 siam
748 3856 981 3921 Christi
1027 3862 1506 3922 assumerentur.
2352 3925 2361 3933 ,

745 3958 820 4024 V.
871 3958 967 4021 10.
1017 3957 1146 4036 „Er
1187 3957 1405 4020 iterum
1449 3958 1663 4037 diciff‘,
1709 3958 1839 4023 scil.
1890 3959 2201 4041 scriptura
2239 3956 2969 4023 inDeuteronomii

539 4059 780 4123 cantico
825 4058 952 4141 (32,
999 4058 1127 4142 43.)
1166 4058 1344 4142 juxta
1389 4060 1487 4125 70.
1533 4096 1618 4105 --
1661 4060 2059 4139 „Laetamini
2099 4068 2297 4143 qentes
2328 4082 2463 4122 cum
2494 4060 2731 4145 populo
2776 4060 2969 4146 cjusf‘

541 4160 694 4225 Vult
761 4162 1080 4244 apostolus
1156 4160 1390 4225 dicere:
1453 4160 1580 4225 Vos
1648 4161 1933 4243 gentileS,
2002 4180 2147 4225 cum
2210 4160 2545 4243 participes
2611 4158 2764 4223 facti
2828 4158 2967 4222 sitis

539 4262 886 4344 adoptionis
951 4263 1018 4327 in
1081 4263 1380 4346 populum
1448 4261 1563 4327 Dei
1607 4262 1686 4325 N.
1733 4262 1805 4325 Τ.
1873 4263 1936 4326 et
1999 4264 2303 4327 bonorum
2371 4261 2429 4325 ei
2494 4259 2963 4343 promissorum,

538 4382 808 4429 unacum
874 4364 1138 4430 Judaeis
1214 4364 1478 4448 jubilate
1545 4365 1608 4426 et
1680 4381 1805 4426 una
1869 4363 2217 4428 collaudate
2283 4362 2508 4426 Deum.
2598 4360 2963 4443 Populus

541 4463 692 4533 Dei
735 4469 879 4530 sunt
921 4466 1179 4542 Judaei3
1233 4464 1393 4530 conf.
1439 4466 1500 4545 9,
1547 4464 1607 4529 4.
