3234 4992
1230 240 1342 295 0⁸1)-
1368 243 1491 288 nv.
1519 252 1564 287 v.
1590 246 1712 289 6-'10
2564 251 2691 317 223

247 475 289 507 „
308 425 730 513 Unusquisque
770 429 838 493 in
879 438 1077 493 mente
1143 451 1260 495 sua
1288 453 1629 517 persuasus
1670 433 1830 513 sit,·“
1898 434 2073 516 quasi
2138 434 2398 501 diceret:
2466 436 2685 516 Quivis

246 528 372 593 hac
433 529 499 593 in
564 550 628 595 re
690 535 837 613 agat
874 530 1053 614 juxta
1120 533 1432 599 dictamen
1500 535 1912 600 conscientiae
1958 554 2126 614 suae,
2193 557 2290 616 ne,
2363 540 2419 605 si
2462 544 2677 605 contra

248 632 419 715 agat,
466 637 702 716 peccet.
790 634 1196 717 πληροφορεῒν
1240 638 1341 719 (ex
1384 634 1614 718 πλήρης
1656 640 1719 702 et
1761 639 1965 719 φορέω
2011 638 2161 723 fero)
2222 642 2496 724 proprie:
2555 643 2687 724 ple-

247 752 405 797 num
453 753 560 798 seu
607 738 812 801 totum
857 735 1052 813 ferre:
1099 738 1699 820 metaphorice:
1758 740 1959 803 totum
2026 758 2164 803 esse
2224 742 2287 803 in
2348 742 2557 823 aliqua
2600 763 2683 821 re,

248 836 544 918 perficere
585 855 758 913 eam:
808 840 1182 920 passive:
1225 840 1479 923 plenum
1527 858 1701 916 esse:
1756 840 2370 923 metaphorice:
2430 844 2685 925 plenum

253 954 392 1001 esse
451 938 882 1021 persuasione,
952 958 1062 1005 seu
1130 958 1498 1022 persuasum
1557 960 1710 1006 esse.
1802 940 1892 1007 cf.
1953 942 2013 1019 4,
2072 942 2172 1007 21.
2252 978 2323 991 -
2394 942 2688 1011 Ceterum

249 1036 442 1103 verba
484 1039 639 1104 haec
684 1040 946 1123 apostoli
994 1042 1160 1105 male
1208 1042 1584 1123 detorquent
1605 1042 1900 1107 haeretici
1924 1045 2137 1107 contra
2182 1043 2356 1108 dies
2400 1044 2473 1109 fe
2493 1050 2685 1135 stos,

249 1137 330 1204 ab
379 1139 643 1205 ecclesia
685 1140 1022 1219 institutos,
1093 1147 1156 1206 et
1215 1142 1293 1225 Je
1304 1143 1330 1226 j
1349 1142 1541 1208 unia
1606 1144 1791 1226 atque
1862 1143 2245 1225 quorundam
2308 1144 2438 1209 cib
2460 1163 2495 1209 o
2514 1166 2544 1210 r
2563 1166 2685 1211 um

243 1240 868 1307 abstinentiam.
961 1242 1302 1325 Apostolus
1347 1244 1515 1308 enim
1558 1244 1832 1326 loquitur
1877 1244 1952 1308 de
2002 1245 2359 1310 discrimine
2402 1247 2680 1313 ciborum

243 1358 321 1404 ac
365 1341 612 1407 dierum
657 1342 982 1407 observato
1027 1346 1104 1410 ab
1150 1344 1247 1422 iis,
1295 1345 1400 1426 qui
1444 1364 1516 1408 ex
1553 1345 1594 1411 J
1611 1345 1900 1409 udaeis
1944 1346 2263 1411 christiani
2299 1346 2472 1425 facti,
2516 1348 2687 1432 legi

242 1440 675 1507 Mosaicae
721 1461 796 1507 ac
859 1444 1140 1526 pristinis
1202 1433 1611 1509 observantiis
1671 1446 1873 1511 adhuc
1936 1447 2215 1511 tenacius
2273 1448 2681 1514 inhaererent.

243 1540 430 1621 Quod
473 1544 639 1608 enim
687 1544 767 1608 ad
811 1545 1216 1611 ecclesiae
1260 1547 1490 1629 leges
1535 1547 1782 1624 attinet,
1847 1545 2103 1612 dubium
2166 1566 2289 1613 non
2354 1554 2467 1628 est,
2532 1552 2682 1633 quin

242 1643 415 1721 illae,
479 1645 572 1708 uti
624 1645 862 1728 justam
922 1646 1156 1711 habent
1215 1647 1531 1729 obligandi
1586 1647 1893 1712 rationem
1952 1666 2061 1730 pro
2106 1651 2386 1732 tempore
2430 1670 2683 1717 novae

243 1744 415 1828 legis
443 1751 666 1823 (novae
690 1748 1134 1832 oeconomiae),
1181 1748 1270 1812 ita
1315 1768 1494 1813 vere
1540 1752 1604 1812 et
1630 1748 1695 1812 in
1719 1749 1999 1814 consci
2024 1751 2248 1814 entia
2291 1751 2451 1816 filios
2485 1753 2683 1817 eccle-

245 1846 382 1911 siae
429 1846 739 1930 obligatos
785 1851 1042 1913 teneant
1087 1849 1382 1933 (Estius).

455 1947 527 2012 V.
577 1950 633 2013 6.
681 1948 858 2028 „Qui
916 1949 1194 2014 observat
1250 1950 1410 2013 diem
1423 1956 1489 2031 ;“
1533 1951 1571 2014 i.
1619 1970 1668 2016 e.
1718 1951 1823 2033 qui
1883 1954 2124 2014 certum
2185 1952 2454 2033 aliquem
2516 1953 2681 2018 diem

241 2048 482 2114 festum
549 2070 697 2133 prae
756 2051 876 2115 alio
936 2052 1228 2116 celebrat.
1319 2059 1573 2133 φρονεῖν,
1644 2052 1893 2115 studere
1912 2100 1927 2128 ,
1988 2068 2236 2133 operam
2301 2053 2443 2116 dare
2499 2054 2685 2118 alicui

241 2151 355 2228 rei,
405 2152 466 2215 h.
511 2151 552 2216 1.
601 2153 944 2231 observare,
1013 2171 1245 2218 curare.
1291 2189 1376 2201 —
1421 2153 1733 2232 „Domino
1796 2151 2134 2231 observat‘fi,
2193 2152 2231 2216 i.
2281 2171 2331 2217 e.
2380 2154 2445 2215 in
2489 2153 2682 2218 hono-

239 2271 382 2317 rem
405 2253 522 2317 Dei
566 2255 856 2319 celebrat.
919 2256 1098 2337 κυρίῳ
1144 2255 1240 2321 est
1280 2255 1529 2319 dativus
1575 2253 1975 2319 commodi
2020 2254 2307 2335 valetque
2353 2253 2520 2319 idem
2566 2274 2675 2319 ac:

241 2353 312 2418 in
357 2354 655 2419 honorem
701 2356 970 2420 Domini.
1023 2391 1098 2402 —
1143 2355 1273 2433 „Ei
1313 2356 1420 2441 qui
1471 2377 1596 2419 non
1654 2353 1929 2418 observat
1987 2353 2167 2433 diem,
2231 2355 2498 2419 Domino
2558 2378 2683 2420 non

239 2453 592 2520 obem-vatf‘
677 2456 833 2521 Vult
877 2457 1113 2521 dicere:
1158 2454 1239 2519 Et
1284 2455 1390 2538 qui
1434 2458 1676 2521 certum
1722 2456 1995 2538 aliquem
2056 2456 2221 2521 diem
2282 2456 2512 2521 festum
2560 2476 2684 2523 non

129 2599 138 2611 -
241 2556 544 2635 celebrat,
591 2558 821 2641 pariter
863 2558 928 2622 in
972 2558 1267 2621 honorem
1315 2558 1567 2623 Domini
1615 2558 1731 2622 Dei
1789 2558 1905 2622 hoc
1967 2557 2221 2622 omittit.
2268 2594 2353 2605 —-
2394 2558 2523 2637 „Et
2577 2560 2687 2644 qui

239 2656 602 2737 manducat,
663 2658 932 2722 Domino
992 2657 1330 2722 manducat
1340 2663 1408 2739 ‚·“
1465 2659 1502 2722 i.
1551 2679 1600 2723 e.
1657 2666 1718 2723 et
1775 2658 1880 2741 qui
1940 2658 2071 2723 sine
2130 2658 2411 2724 ciborum
2466 2659 2681 2725 discri-

243 2758 420 2822 mine
485 2760 740 2841 quaevis
798 2759 1153 2838 manducat,
1199 2760 1264 2825 in
1324 2760 1624 2825 honorem
1680 2760 1795 2823 Dei
1854 2760 1973 2823 hoc
2031 2758 2199 2824 facit.
2246 2800 2327 2815 -
2370 2758 2683 2839 „Gratias

244 2861 410 2923 enim
453 2861 584 2946 a9it
625 2861 759 2924 Deo
775 2865 841 2941 ,·“
885 2862 1063 2943 quasi
1107 2861 1377 2925 diceret:
1434 2861 1600 2926 Nam
1647 2862 2135 2925 manducaturus
2196 2877 2307 2943 pro
2367 2863 2681 2927 concessis

247 2961 411 3026 cibis
469 2963 703 3044 gratias
749 2962 880 3027 Deo
947 2962 1094 3046 agit.
1141 2998 1226 3009 —-
1266 2961 1395 3040 „Ei
1453 2962 1560 3047 qui
1621 2984 1743 3025 non
1805 2960 2159 3039 manducat,
2225 2961 2493 3025 Domino
2556 2985 2679 3026 non

238 3062 662 3145 manducat‚·“
721 3065 758 3129 i.
808 3083 860 3128 e.
906 3065 970 3127 et
1026 3064 1133 3146 qui
1193 3063 1466 3127 abstinet
1511 3081 1550 3126 a
1592 3062 1770 3140 cibiS,
1830 3063 1965 3144 lege
2011 3062 2288 3126 Mosaica
2333 3063 2562 3141 vetitiS,
2608 3065 2677 3129 in

239 3164 544 3230 honorem
590 3165 710 3230 Dei
754 3165 832 3230 ab
879 3165 1102 3229 iisdem
1148 3164 1436 3229 abstinet.
1491 3200 1561 3211 —-·
1611 3163 1741 3242 „Et
1802 3163 2043 3249 9ratias
2105 3162 2235 3247 aqit
2276 3163 2491 3244 Deo,·“
2534 3166 2573 3229 i.
2622 3186 2673 3231 e.

244 3269 312 3332 et
334 3267 568 3350 pariter
610 3268 844 3351 gratias
881 3268 1014 3351 agit
1036 3270 1165 3333 Deo
1212 3285 1321 3349 pro
1346 3266 1519 3345 cibis,
1567 3266 1691 3349 ipsi
1733 3266 1796 3329 in
1842 3266 1981 3347 lege
2008 3264 2283 3329 Mosaica
2326 3267 2668 3347 permissis,

454 3369 533 3439 V.
580 3371 635 3435 7.
683 3370 927 3449 „Nemo
971 3370 1128 3433 enim
1183 3378 1456 3433 nostrum
1511 3367 1633 3431 sibi
1689 3368 1815 3453 ipsi
1866 3367 2039 3445 vivit,
2084 3375 2141 3430 et
2179 3389 2350 3431 nemo
2394 3368 2514 3432 sibi
2554 3370 2682 3455 ipsi

239 3470 572 3535 moritur-fl
660 3469 840 3550 Quod
884 3471 949 3535 in
994 3473 1353 3554 antegresso
1400 3489 1583 3535 versu
1637 3468 1977 3540 monuerat,
2044 3469 2283 3533 scilicet
2342 3470 2676 3536 christiano

241 3573 458 3637 omnia
504 3572 783 3637 facienda
827 3592 966 3638 esse
1021 3573 1086 3637 in
1138 3573 1430 3637 honorem
1477 3572 1657 3649 Dei,
1704 3571 1768 3635 id
1825 3589 1989 3635 nunc
2048 3571 2357 3653 probat.
2448 3572 2679 3639 Probat

243 3678 463 3740 autem
510 3695 581 3739 ex
625 3694 712 3753 eo,
775 3676 938 3758 quod
997 3674 1520 3738 christianus
1585 3691 1710 3737 non
1766 3672 1848 3737 sit
1904 3672 2092 3736 homo
2149 3673 2364 3737 liber
2426 3678 2489 3738 et
2548 3676 2674 3740 sui

232 3776 495 3862 juris,
543 3777 652 3843 sed
697 3776 1022 3842 Christi
1067 3779 1130 3839 et
1173 3794 1282 3858 per
1311 3774 1630 3839 Christum
1675 3774 1794 3838 Dei
1839 3792 2160 3850 servus,
2209 3775 2436 3857 quippe
2480 3794 2673 3857 quum

240 3897 278 3943 a
325 3877 574 3943 Christo
621 3878 942 3962 sanguinis
990 3878 1183 3959 ipsius
1228 3878 1428 3959 pretio
1464 3877 1548 3940 sit
1571 3876 1931 3958 redemptus
1977 3894 2007 3936 e
2055 3876 2353 3940 servitute
2398 3879 2665 3959 peccati,

243 3979 477 4043 diaboli
522 3981 586 4043 et
632 3979 870 4056 mortis,
920 3982 1105 4060 atque
1146 3979 1236 4042 ita
1279 3978 1343 4042 in
1401 3977 1596 4059 ipsius
1661 3978 1948 4041 redactus
2009 3979 2381 4059 potestatem
2444 3976 2564 4060 (Cf.
2612 3980 2671 4056 6,

241 4080 345 4146 19.
393 4081 452 4145 2.
514 4080 648 4146 Cor.
696 4082 756 4157 5,
825 4080 972 4165 1:⁹2),
1033 4080 1288 4163 ejusque
1346 4079 1547 4143 factus
1609 4098 1843 4143 servus.
1934 4077 2088 4142 Vult
2144 4096 2289 4161 ergo
2352 4081 2669 4162 apostolus

237 4184 474 4247 dicere:
536 4182 702 4252 Nam
760 4200 944 4245 nemo
1007 4182 1304 4257 nostrum,
1364 4180 1468 4261 qui
1527 4180 1850 4244 christiani
1904 4198 2141 4257 sumus,
2204 4181 2375 4261 quasi
2442 4181 2671 4247 suimet

239 4287 381 4369 ipse
425 4285 570 4349 finis
615 4285 715 4363 sit,
762 4284 916 4348 vivit
958 4283 1022 4347 in
1069 4301 1251 4347 suum
1311 4282 1626 4359 honorem,
1690 4285 1753 4345 et
1810 4298 1993 4346 nemo
2038 4284 2305 4346 mortem
2351 4281 2537 4361 subit,
2600 4288 2673 4347 ut

235 4392 386 4472 post
428 4388 697 4451 mortem
738 4388 989 4468 propter
1012 4404 1097 4463 se,
1143 4385 1442 4467 tanquam
1483 4383 1578 4447 sui
1599 4382 1781 4465 juris,
1827 4383 2011 4449 vivat.
2064 4420 2139 4431 --
2190 4387 2382 4461 ἑαυτῷ
2426 4384 2669 4448 dativus

239 4487 679 4553 commodi:
726 4486 847 4552 sibi
897 4485 1041 4568 ipsi,
1084 4484 1128 4551 i.
1175 4504 1226 4550 e.
1273 4485 1340 4549 in
1384 4502 1570 4551 suum
1612 4484 1930 4550 honorem.
