3234 4992
597 253 721 317 205
1612 255 1722 309 οφ.
1749 255 1850 297 xu.
1878 268 1922 298 v.
1948 258 1989 297 ³.

601 465 709 501 mr-
753 441 845 525 {in
893 440 1120 523 medio)
1164 444 1370 506 notat:
1415 441 1532 506 sibi
1579 461 1824 507 sumere
1868 444 2033 508 idem
2077 447 2275 525 σχῆμα
2332 442 2625 526 (eundem
2686 442 2983 528 habitum),

601 545 761 625 quud
829 541 1020 606 habet
1079 543 1256 620 alter,
1323 560 1467 626 ergo
1533 542 2049 609 conformare
2117 564 2196 609 se
2257 546 2523 610 alicui
2587 545 2691 627 (cf.
2763 546 2812 609 1.
2874 545 2986 609 Pet

605 645 657 718 1,
709 645 853 725 11).
901 680 984 690 «-
1027 644 1317 709 Phrasis:
1375 642 1409 707 ό
1451 649 1597 705 aim
1655 644 1831 716 οὕτος
1888 647 2220 729 desumpta
2279 647 2376 710 est
2430 665 2502 710 ex
2559 664 2677 710 usu
2734 646 2991 728 loquendi

597 745 1059 825 Rabbinnrum,
1109 746 1291 828 juxta
1345 765 1530 829 quem
1587 750 1734 809 αδων
1812 747 2015 824 οὗτος,
2102 748 2392 830 designat
2471 752 2723 829 tempus
2792 750 2990 811 ante-

601 849 1134 925 mnssianum,
1183 850 1331 913 dum
1383 852 1529 911 alm
1581 850 1827 929 μέλλων,
1886 850 2138 914 denotat
2196 852 2445 932 tempus
2505 847 2989 912 Messianum.

601 945 665 1009 Si
749 948 1070 1029 phrasibus
1130 950 1228 1014 his
1302 949 1687 1017 Christus
1742 956 1807 1015 et
1867 950 2250 1033 apostoli
2328 951 2626 1027 utuntur,
2713 949 2996 1033 significat

597 1053 737 1109 ainus
785 1049 959 1119 mire„-
1003 1054 1251 1133 tempus
1306 1051 1720 1117 christianum
1781 1055 1977 1116 ante
2041 1049 2275 1116 Christi
2332 1051 2669 1115 adventum
2726 1050 2805 1114 ad
2850 1050 2997 1133 judi-

598 1149 801 1225 nium:
845 1157 992 1214 aian
1035 1153 1259 1232 μέλλων
1303 1171 1446 1218 vero
1500 1157 1749 1237 tempus
1793 1156 1974 1236 post
2033 1152 2371 1216 adventum
2433 1150 2667 1215 Christi
2725 1151 2804 1215 ad
2851 1149 2997 1233 judi-

601 1253 785 1317 11111111.
837 1293 905 1301 -
957 1254 1179 1319 Relate
1225 1272 1367 1319 vero
1413 1255 1492 1319 ad
1536 1254 1912 1337 singulos
1955 1253 2239 1317 homines
2278 1252 2580 1317 formulae
2622 1252 2781 1316 istae
2815 1270 3000 1316 revera

597 1357 926 1437 designant
988 1355 1209 1420 fines
1269 1356 1433 1421 inter
1497 1358 1747 1437 tempus
1814 1355 1878 1418 in
1952 1355 2101 1418 hoc
2170 1355 2403 1418 mundo
2468 1356 2656 1417 ante
2717 1353 2997 1436 judicium

597 1457 988 1537 partimin-re,
1051 1459 1115 1520 et
1156 1456 1318 1520 inter
1383 1459 1635 1540 tempus
1700 1456 1766 1520 in
1830 1455 2109 1519 futuro
2177 1456 2407 1519 mundo
2471 1456 2662 1538 post
2717 1455 2996 1538 Judicium

601 1557 996 1637 particulare.
1031 1557 1075 1639 ¹)
1120 1557 1240 1621 Hic
1282 1558 1402 1622 loci
1447 1575 1560 1622 vox
1602 1561 1753 1618 αἰων
1797 1557 1876 1621 ad
1936 1556 2134 1620 instar
2187 1556 2518 1621 hebraicae
2579 1555 2748 1621 vocis
2794 1557 2997 1633 olam,

597 1657 741 1737 quia
785 1661 1029 1741 ternpus
1074 1674 1195 1722 non
1240 1659 1450 1741 potest
1491 1657 1750 1741 cogitari
1797 1657 1930 1721 sine
1973 1656 2212 1721 rebus
2273 1658 2336 1720 in
2392 1656 2546 1739 ipso,
2608 1657 2999 1740 metonymice

597 1757 849 1821 [Innatat
897 1759 1320 1837 mundum,
1366 1761 1428 1822 et
1471 1759 1723 1842 quidem
1769 1758 1934 1841 (coll.
1986 1760 2038 1821 1.
2089 1756 2221 1823 Cor.
2270 1758 2330 1835 2,
2376 1758 2438 1849 6ζ
2482 1757 2541 1822 8.
2589 1776 2733 1822 oum
2781 1757 2835 1835 l,
2889 1757 2999 1837 20.)

601 1861 901 1921 mundum
947 1860 1306 1924 alienum
1351 1878 1389 1925 a
1434 1858 1802 1937 Christo,
1866 1862 1930 1923 et
1990 1878 2101 1942 per
2156 1859 2609 1943 metonymiam
2677 1858 2999 1941 (continens

597 1977 709 2041 prn
753 1960 1069 2043 contento)
1135 1961 1554 2039 homineS,
1622 1960 1728 2043 qui
1793 1963 2112 2024 sectantur
2177 1959 2364 2042 hujus
2429 1960 2649 2024 mundi
2718 1958 2925 2042 (alieni
2973 1976 3002 2021 a

597 2061 869 2145 Christo)
917 2062 1264 2145 voluptates
1312 2065 1374 2126 et
1419 2061 1751 2127 commoda
1792 2061 2040 2144 suisque
2079 2061 2356 2126 serviunt
2399 2060 2868 2143 cupiditatibus,
2912 2079 3001 2124 seu

597 2161 701 2245 qui
749 2165 925 2245 impii
967 2166 1114 2228 sunt
1159 2162 1549 2246 moribusque
1595 2162 1881 2245 corrupti.
1943 2198 2029 2208 —
2086 2160 2472 2233 ἀνακαίνωσις
2527 2167 2636 2224 τοῦ
2691 2161 2855 2237 νοὸς,
2908 2180 3002 2225 re·

597 2265 928 2329 novatio
972 2265 1283 2329 mentis
1330 2267 1424 2329 est
1446 2263 1829 2347 regeneratio
1853 2283 1925 2328 ex
1950 2262 2199 2329 Christo
2236 2282 2347 2347 per
2369 2262 2674 2347 Spiritum
2717 2266 2999 2338 sanctum,

597 2369 733 2425 tran
745 2365 901 2429 11111111
963 2384 1035 2429 ex
1099 2366 1310 2443 veteri,
1371 2367 1657 2448 corrupta
1716 2365 1934 2442 forma,
1997 2383 2184 2447 quam
2245 2384 2318 2429 ex
2359 2364 2609 2430 Adamo
2653 2365 3002 2449 accepimus),

601 2465 665 2525 in
713 2481 936 2529 novam
969 2466 1258 2545 formam,
1307 2465 1560 2544 Christi,
1609 2484 1718 2531 seu
1765 2466 1957 2530 vitam
2003 2484 2247 2545 novam,
2292 2467 2549 2550 gratiae.
2636 2465 2795 2532 Vult
2839 2466 3006 2548 igitur

601 2565 917 2645 apostulus
976 2566 1212 2631 dicere:
1272 2568 1368 2631 Ne
1413 2566 1750 2631 imitemini
1797 2585 1997 2631 mores
2042 2567 2365 2632 hominum
2413 2568 2861 2649 corruptorum,
2914 2565 3008 2630 sed

601 2665 761 2729 tales
809 2666 1128 2749 exprimite
1175 2684 1397 2744 moreS,
1447 2667 1549 2749 qui
1574 2667 1950 2732 conveniunt
1995 2667 2090 2731 illi
2138 2668 2370 2732 mentis
2418 2668 2823 2748 innovationi,
2870 2685 3006 2750 quae

601 2765 777 2829 vobis
841 2785 949 2849 per
1009 2767 1275 2850 gratiam
1333 2767 1804 2850 justificationis
1870 2769 1934 2833 in
2002 2768 2318 2851 baptismo
2384 2770 2626 2853 obtigit.
2704 2769 2796 2835 Cf.
2860 2770 2916 2847 6,
2956 2770 3005 2844 4,

605 2869 661 2931 ‘’i‘.
709 2869 765 2933 fi.
817 2905 889 2913 -
935 2914 975 2945 „
994 2868 1072 2933 Ut
1101 2867 1396 2952 prohetia,
1455 2890 1609 2954 quae
1670 2870 1750 2932 sit
1804 2868 2085 2933 voluntas
2127 2869 2272 2949 Dei,
2324 2871 2486 2955 quod
2530 2869 2750 2934 bonum
2792 2879 2850 2934 et
2888 2892 3009 2956 yra-

601 2977 729 3033 tam
769 2977 825 3033 a*
857 2968 1257 3054 perfectumfl
1347 2970 1566 3035 Verbis
1629 2972 1726 3035 his
1769 2970 2007 3036 indicat
2068 2971 2494 3051 effectum,
2556 2990 2743 3054 quem
2798 2972 3010 3038 habere

601 3073 821 3137 debeat
861 3073 970 3137 illa
1011 3071 1493 3155 transfiguratio.
1539 3109 1624 3119 —
1667 3071 2011 3152 δοκιμάζειν
2054 3073 2113 3138 h.
2163 3075 2203 3139 1.
2253 3075 2585 3157 explorare,
2656 3073 3009 3149 examinare,

597 3173 873 3257 probare.
921 3209 1003 3221 —
1046 3171 1117 3234 τό
1161 3172 1411 3255 ἀγαθὸν,
1455 3170 1787 3256 εὐάρεστον,
1830 3176 2046 3237 τέλειον
2091 3193 2213 3241 11011
2237 3179 2385 3241 sunt
2429 3176 2816 3259 epitheta
2859 3174 3009 3239 vocis

601 3277 853 3355 θέλημα,
913 3276 1020 3340 sed
1081 3281 1229 3341 sunt
1290 3276 1602 3359 adjectiva
1663 3277 2202 3344 substantive
2268 3281 2554 3362 sumpta,
2624 3296 2771 3361 ergo
2838 3294 3009 3361 appo-

597 3377 737 3441 sitio
785 3381 893 3441 ad:
937 3381 993 3439 τὶ
1033 3379 1101 3441 τὸ
1144 3380 1378 3459 θέλημα
1417 3383 1529 3441 τοῦ
1569 3386 1741 3457 θεοῦ,
1789 3379 2015 3462 quibus
2062 3380 2382 3463 adjectivis
2425 3380 2667 3464 proprie
2728 3398 2886 3444 una
2926 3397 3009 3441 res

601 3481 979 3561 exprimitur,
1025 3484 1089 3545 et
1134 3500 1354 3546 sensus
1399 3480 1525 3546 est:
1573 3481 1663 3547 Ut
1707 3481 2032 3564 diligenter
2076 3481 2381 3547 studeatis
2424 3498 2812 3564 cognoscere,
2877 3478 3009 3562 quid

601 3581 677 3645 ab
725 3581 877 3661 ipsis
925 3580 1058 3644 fieri
1118 3582 1270 3646 velit
1324 3583 1514 3661 Deus,
1575 3582 1737 3664 quod
1798 3582 1881 3647 sit
1945 3583 2197 3660 bonum,
2265 3584 2397 3647 Deo
2440 3586 2692 3666 gratum
2761 3584 2826 3645 et
2887 3597 3007 3664 per-

597 3681 849 3745 fectum.
2364 3689 2376 3708 '

797 3785 873 3849 V,
921 3784 974 3854 3.
1022 3783 1227 3862 „Dico
1268 3784 1560 3848 nimirum
1591 3805 1713 3868 per
1754 3783 2044 3870 qratiam,
2088 3805 2243 3869 quae
2279 3784 2435 3847 data
2479 3792 2564 3848 est
2605 3783 2775 3862 mihi,
2819 3782 3005 3865 cuique

597 3905 673 3949 3ae
713 3885 944 3949 vobiaf‘
989 3922 1073 3932 —
1118 3885 1274 3949 Post
1318 3886 1673 3968 generalem
1719 3884 2209 3951 admonitionem
2252 3886 2478 3951 transit
2523 3904 2689 3950 nunc
2723 3884 2800 3948 ad
2825 3881 3005 3947 danda

601 4009 629 4053 3
653 3986 1013 4069 peninlia
1054 3989 1399 4070 praecepta,
1447 3986 1745 4052 Romanis
1792 3986 2145 4052 christianis
2191 3989 2550 4069 opportuna.
2597 4023 2684 4033 —-
2722 3986 2830 4068 γὰρ
2872 3984 2930 4049 h.
2967 3982 2998 4044 l.

601 4093 697 4153 est
741 4088 1046 4169 particula
1089 4086 1610 4153 declarantis
1658 4088 1977 4170 valetque:
2037 4087 2446 4153 nimirum.
2505 4124 2589 4134 —
2641 4087 2742 4150 διὰ
2785 4084 3002 4170 χάριτος

601 4237 613 4249 .
661 4237 673 4249 .
717 4213 841 4269 μοι,
909 4208 1016 4273 per
1077 4188 1346 4274 gratiam
1414 4188 1573 4252 mihi
1642 4188 1873 4252 datam.
1963 4188 2082 4252 Per
2125 4188 2487 4272 gratiam
2532 4188 2593 4253 11.
2640 4190 2683 4254 l.
2731 4186 3002 4268 intelligit

601 4309 889 4357 munus
947 4309 1131 4356 suum
1193 4288 1787 4375 apostolicum,
1845 4289 2114 4372 gratuito
2171 4289 2266 4354 illi
2323 4308 2360 4353 a
2418 4288 2666 4355 Christo
2725 4288 3000 4355 collatum

817 4509 849 4577 1]
889 4505 968 4561 Cf,
1003 4505 1223 4561 Reisohl
1255 4506 1315 4559 in
1348 4505 1548 4563 Matth.
1586 4505 1670 4572 12,
1707 4505 1795 4559 32.
