3234 4992
1272 261 1382 317 03ρὲ
1409 265 1468 309 11.
1493 278 1540 311 v.
1568 268 1735 312 16-17.
2630 277 2709 342 41

277 444 458 506 sunt.
505 442 819 510 Nimirum
843 447 1014 531 ipsae
1036 449 1182 515 illae
1226 453 1791 537 cogitationes
1834 457 2241 522 conscientiae
2265 476 2378 524 vox
2403 462 2566 537 sunt,
2592 479 2714 543 qua

279 545 580 608 testatur.
631 543 832 626 Quare
855 550 1156 631 particula
1185 555 1281 615 καὶ
1304 559 1398 621 est
1435 575 1520 621 ex
1537 577 1570 621 e
1586 558 1756 642 geti
1773 577 1806 622 c
1828 577 1879 624 3.
1928 561 2081 624 Inde
2104 559 2295 625 etiam
2317 561 2708 644 intelligitur,

279 661 399 708 cur
443 647 762 727 apostolus
804 649 893 714 ibi
935 655 1211 733 posuerit
1254 657 1512 722 verbum
1557 659 1621 723 in
1668 660 1968 744 singulari
2012 659 2605 747 (συμμαρτυρούσης).
2626 699 2713 710 -

490 747 564 811 V.
616 749 711 814 16.
759 751 948 831 „Dia
989 776 1123 818 cum
1149 757 1467 846 judicabit
1509 761 1681 824 Deus
1736 762 1970 826 occulta
2024 765 2327 828 hominum
2389 763 2711 828 secundum

277 847 664 932 evanqelium
703 872 918 933 mcum,
948 877 1070 941 per
1111 859 1324 922 Jesum
1374 860 1739 927 (371ήεύ311ϋῆ
1782 901 1868 911 -—
1910 865 2141 930 Versus
2200 865 2303 929 hic
2354 865 2709 949 Jungendus

277 949 632 1015 estcumv.
662 953 794 1017 13.:
842 973 995 1021 non
1037 959 1250 1024 enim
1296 961 1731 1028 auditores
1780 1015 1793 1029 .
1842 1015 1856 1030 .
1905 966 2045 1030 sed
2087 966 2453 1031 factores
2497 968 2626 1051 leg

268 1048 1024 1131 justificabuntur.
1069 1059 1236 1138 Die,
1282 1063 1408 1128 scil.
1447 1062 1685 1146 judicii.
1732 1064 2117 1144 Occulta,
2161 1069 2202 1130 i.
2228 1086 2279 1131 e.
2327 1067 2520 1133 animi
2562 1086 2706 1133 con-

283 1149 450 1216 silia.
523 1189 594 1198 —-
667 1153 1122 1224 Secundum
1189 1166 1713 1248 evangelium
1778 1187 2069 1245 meum,
2136 1167 2175 1233 i.
2244 1187 2295 1232 e.
2364 1168 2704 1232 secundum

282 1251 637 1317 doctrinam
681 1273 719 1319 a
761 1275 863 1320 me
905 1262 1364 1342 praedicatam;
1433 1285 1579 1332 seu:
1649 1267 1811 1332 sicut
1877 1269 2093 1333 docere
2144 1269 2309 1334 soleo
2352 1272 2424 1333 ut
2479 1268 2705 1334 Christi

281 1353 591 1419 minister.
645 1393 717 1404 —
762 1356 1005 1425 Verba:
1052 1382 1189 1446 per
1231 1365 1511 1432 Jesum
1559 1367 2013 1449 Christum,
2052 1370 2370 1454 jungenda
2393 1372 2539 1434 sunt
2561 1388 2703 1434 cum

277 1453 444 1518 illis:
489 1455 572 1519 in
617 1457 776 1536 die,
825 1478 1002 1525 cum
1036 1462 1496 1546 judicabit,
1542 1469 1633 1533 ita
1676 1473 1746 1533 ut
1790 1472 2132 1535 secundum
2157 1472 2499 1537 doctrinam
2522 1471 2705 1536 Pauli

280 1555 457 1620 Deus
493 1556 886 1639 judicaturus
913 1563 994 1627 sit
1017 1563 1297 1631 homines
1323 1586 1432 1651 per
1452 1569 1496 1634 J
1499 1587 1678 1635 esum
1704 1569 2018 1638 Christum
2047 1572 2205 1656 (scil.
2236 1571 2600 1657 hominem).
2628 1609 2700 1618 -

282 1656 538 1723 Dicitur
580 1661 768 1738 DeuS,
817 1663 906 1727 ait
951 1665 1332 1748 Toletus,
1372 1670 1648 1753 judicare
1692 1692 1833 1757 per
1878 1673 2322 1754 Christum,
2366 1675 2509 1758 quia
2531 1675 2702 1738 Deus

281 1758 382 1820 est
442 1759 633 1840 judex
698 1763 1061 1843 invisibilis;
1129 1787 1238 1850 per
1283 1769 1595 1836 Christum
1644 1777 1854 1839 autem
1876 1823 1891 1853 ,
1957 1776 2029 1838 ut
2068 1775 2253 1839 homo
2299 1779 2411 1854 est,
2457 1775 2701 1839 visibile

275 1856 589 1938 judicium
649 1866 952 1930 exercebit
999 1866 1101 1952 (cf.
1150 1869 1193 1935 J
1197 1888 1330 1936 oan.
1378 1872 1437 1949 5,
1482 1873 1612 1958 22.)
1660 1911 1743 1922 -
1788 1875 2079 1941 Ceterum
2122 1895 2192 1940 ex
2256 1875 2535 1941 versibus
2602 1875 2697 1940 15.

281 1960 350 2021 et
396 1961 494 2024 16.
541 1965 839 2045 sequitur,
887 1969 1048 2050 quod
1089 1972 1487 2053 gentilismus
1531 1993 1655 2040 non
1698 1974 1887 2041 fuerit
1930 1977 2257 2059 penitus
2320 1976 2542 2054 maluS,
2592 1977 2700 2040 sed

279 2059 542 2126 haberet
581 2063 788 2129 ideam
831 2067 978 2132 boni
1022 2074 1087 2134 et
1129 2072 1290 2153 quod
1335 2073 1523 2138 etiam
1567 2077 1833 2158 gentiles
1880 2095 1963 2140 ex
2028 2096 2069 2162 p
2094 2080 2261 2142 arte
2327 2078 2531 2160 legem
2575 2077 2698 2141 im-

275 2161 585 2242 pleverint
629 2163 867 2249 (utique
912 2172 1114 2253 gratia
1155 2175 1624 2263 praevenienti).
1678 2215 1750 2225 —-

481 2263 660 2330 Nunc
707 2286 762 2334 V.
813 2270 910 2333 17.
958 2273 1318 2356 aggreditur
1362 2275 1406 2340 J
1421 2278 1722 2343 udaeos
1770 2279 2118 2362 speciatim,
2162 2282 2235 2343 ut
2279 2279 2541 2344 eandem
2572 2279 2698 2344 illis

277 2364 554 2446 applicet
599 2367 1084 2451 damnationem,
1143 2393 1331 2456 quam
1378 2381 1590 2444 contra
1634 2381 1899 2464 gentiles
1945 2379 2023 2464 (c.
2074 2379 2158 2466 1.)
2204 2381 2522 2445 conclusit.
2610 2380 2699 2446 Ut

275 2467 491 2528 autem
537 2468 678 2533 illos
715 2471 886 2553 juste
932 2476 1316 2555 condemnet,
1379 2478 1497 2544 duo
1544 2482 1889 2546 necessaria
1934 2484 2116 2557 sunt3
2180 2481 2474 2564 primum,
2538 2481 2699 2563 quod

275 2565 486 2648 legem
531 2573 940 2651 noverint3
985 2575 1122 2640 dein
1151 2580 1313 2660 quod
1337 2581 1509 2645 illam
1536 2599 1657 2646 non
1704 2583 2240 2647 servaverint.
2286 2618 2371 2631 -
2412 2583 2697 2647 Primum

274 2668 641 2750 aggreditur
680 2690 740 2736 v.
789 2675 908 2753 17„
955 2677 1220 2743 alterum
1265 2698 1320 2744 v.
1369 2682 1466 2744 22.

475 2768 549 2832 V.
601 2772 698 2836 17.
743 2773 867 2853 „Si
908 2785 1107 2840 autem
1150 2789 1216 2843 tu
1258 2781 1542 2846 Judaeus
1584 2786 2074 2868 coynominari3“
2087 2809 2110 2865 ‚·
2174 2787 2213 2850 i.
2261 2805 2310 2850 e.
2374 2787 2427 2851 si
2485 2788 2697 2850 autem

270 2867 440 2949 geris
481 2887 709 2937 nomen
750 2875 1086 2958 gloriosum
1150 2879 1393 2946 Judaei.
1448 2921 1521 2930 —-
1569 2885 1815 2949 Nomen
1880 2885 1924 2951 J
1940 2887 2245 2950 udaeus
2312 2890 2444 2951 erat
2482 2904 2694 2951 revera

270 2967 698 3054 honorificum,
725 2975 887 3040 sicut
911 2997 1072 3044 nunc
1100 2983 1301 3046 vocari
1324 2984 1716 3050 christianus.
1759 3023 1844 3034 —-
1878 2987 1922 3052 J
1937 3007 1978 3052 u
1997 2989 2035 3051 d
2052 3006 2132 3052 ae
2149 3007 2237 3052 us
2282 2987 2449 3052 enim
2472 3005 2696 3052 nomen

273 3071 662 3151 gentilitium
729 3081 826 3140 est
869 3096 906 3142 a
935 3147 941 3153 ,
971 3079 1015 3144 J
1035 3081 1132 3145 ud
1154 3100 1222 3161 a,
1289 3089 1504 3166 quarto
1565 3086 1609 3151 J
1611 3087 1786 3152 acobi
1854 3088 1982 3152 filio
2046 3089 2319 3152 ductum.
2409 3088 2694 3151 Primum

273 3171 522 3252 quidem
568 3170 849 3242 Judaeus
895 3179 950 3242 is
1016 3184 1264 3247 tantum
1332 3185 1679 3264 dicebatur,
1749 3189 1852 3270 qui
1920 3208 1989 3252 ex
2060 3189 2227 3252 tribu
2293 3189 2337 3254 J
2351 3189 2499 3252 uda
2565 3191 2697 3252 erat

269 3271 585 3338 oriundus,
635 3274 842 3357 Quum
887 3284 1098 3345 autem
1145 3284 1261 3348 sub
1299 3285 1617 3351 Roboamo
1662 3306 1921 3371 regnum
1946 3289 2315 3354 Davidicum
2360 3288 2695 3353 discissum

269 3374 436 3436 esset
477 3375 541 3438 in
587 3377 706 3441 duo
751 3398 960 3462 regna,
1023 3402 1282 3466 regnum
1327 3385 1371 3450 J
1390 3387 1541 3452 uda
1585 3389 1649 3452 et
1690 3407 1949 3472 regnum
1995 3389 2307 3468 Israel,
2356 3390 2505 3455 dicti
2550 3393 2694 3456 sunt

269 3471 318 3538 J
332 3493 375 3537 u
395 3475 571 3540 daei
613 3478 706 3542 illi
751 3497 966 3546 omnes
1013 3483 1351 3565 Israelitae,
1399 3488 1504 3569 qui
1533 3489 1768 3554 subditi
1789 3495 1965 3555 erant
1985 3491 2160 3575 regni
2205 3491 2248 3557 J
2268 3492 2366 3556 ud
2386 3511 2454 3571 a,
2502 3511 2693 3575 quum

272 3574 511 3640 subditi
557 3581 734 3662 regni
799 3582 1069 3649 Israel
1134 3587 1333 3650 vocati
1379 3589 1504 3652 sint
1568 3585 2048 3671 Isra'elitae,
2117 3609 2235 3675 quo
2300 3594 2550 3658 nomine
2616 3593 2695 3656 ab

266 3674 586 3742 Israele
634 3695 742 3746 seu
787 3683 831 3748 J
846 3685 1103 3765 acobo
1150 3687 1428 3766 deducte,
1457 3693 1602 3754 ante
1626 3691 1804 3756 illam
1826 3693 2182 3758 scissionem
2205 3713 2359 3777 gens
2380 3694 2693 3759 Jacobaea

268 3776 560 3844 universa
583 3783 1024 3864 appellabatur.
1061 3788 1215 3852 Post
1237 3789 1504 3854 reditum
1528 3811 1560 3856 e
1584 3793 1946 3875 captivitate
1971 3794 2350 3878 Babylonica
2374 3796 2692 3861 communi

265 3878 518 3944 nomine
562 3880 606 3945 J
621 3885 863 3950 udaei
925 3888 1071 3953 dicti
1117 3894 1264 3954 sunt
1307 3909 1544 3971 omneS,
1611 3897 1749 3958 tum
1796 3896 1902 3977 qui
1946 3896 2010 3959 in
2054 3895 2316 3973 Judaea,
2383 3899 2521 3959 tum
2586 3895 2691 3977 qui

266 3981 441 4043 extra
483 3980 789 4050 Judaeam
837 3986 1160 4070 degebant.
1254 3990 1327 4054 In
1372 3996 1578 4058 nostro
1624 3995 1758 4058 loco
1793 4014 2029 4059 ,nomen
2071 3996 2349 4062 Judaeus
2407 4015 2527 4060 non
2592 3999 2690 4059 est

268 4081 406 4143 tam
447 4098 676 4148 nomen
740 4087 967 4168 gentis,
1037 4108 1222 4171 quam
1290 4093 1838 4174 professionis
1904 4096 2383 4179 religiosae,
2452 4099 2513 4160 et
2579 4115 2687 4178 pro

267 4179 770 4251 denominatione
813 4188 1293 4256 honorifica
1336 4193 1604 4259 habetur
1649 4196 1953 4280 (Beelen).
1998 4197 2163 4262 Hinc
2200 4197 2367 4261 idem
2392 4196 2559 4262 valet
2580 4215 2690 4262 ac:

268 4282 378 4364 qui
421 4284 500 4347 ad
543 4289 843 4369 populum
890 4290 1159 4355 electum
1203 4293 1476 4375 pertines
1522 4299 1585 4359 et
1628 4316 1823 4362 unum
1878 4315 2091 4363 verum
2138 4299 2343 4362 Deum
2389 4299 2563 4364 coliS.
2608 4337 2693 4347 -

263 4384 397 4463 „Et
437 4386 758 4470 requiescis
801 4390 868 4452 in
913 4389 1114 4475 le9e“,·
1173 4393 1210 4456 i.
1260 4412 1309 4458 e.
1374 4398 1435 4459 et
1499 4397 1781 4462 inniteris
1844 4399 1969 4482 legi
2036 4417 2073 4462 a
2113 4401 2244 4463 Deo
2304 4400 2422 4464 tibi
2489 4401 2687 4480 datae,

267 4485 430 4558 nihil
474 4489 744 4578 amplius
791 4509 1108 4581 quaerens,
1155 4495 1332 4582 quasi
1375 4496 1486 4564 illa
1544 4498 1700 4567 satis
1766 4499 1879 4570 tibi
1943 4499 2026 4568 sit
2089 4499 2168 4569 ad
2226 4500 2558 4588 justitiam.
2606 4539 2690 4554 -—-
