3234 4992
545 245 669 305 244
1524 239 1999 292 mamma-⁶.

545 429 781 509 gerunt.
869 426 1074 506 Quum
1120 424 1319 490 edicto
1366 426 1691 492 Claudii
1735 426 2125 510 imperatoris
2171 425 2235 511 (a
2278 424 2407 508 52.)
2433 424 2667 497 Judaei
2711 423 2955 487 assidue

549 529 1005 594 tumultuantes
1059 530 1258 594 Roma
1301 530 1537 612 expulsi
1598 534 1827 607 essent,
1888 529 2075 594 etiam
2137 528 2369 592 fideles·
2398 527 2443 592 J
2447 526 2629 590 udaei
2673 525 2961 608 (Judaeo-

549 629 897 712 christiani)
963 631 1265 715 emigrare
1322 630 1721 711 cogebantur,
1790 630 1853 693 et
1912 630 2001 693 sic
2059 630 2246 693 etiam
2308 629 2609 712 Aquila
2676 631 2737 690 et
2802 627 2961 690 Pri-

549 733 797 793 scilla
841 730 996 816 {jam
1039 732 1284 816 fideles)
1329 732 1532 797 Roma
1573 732 1790 796 relicta
1837 730 2205 796 Corinthum
2250 730 2569 806 venerant,
2606 728 2734 816 ,Ubi
2777 728 2963 791 Paulo

553 853 617 893 ss
665 833 1069 913 adiunxerant
1114 852 1377 915 eumque
1420 833 1738 917 Ephesum
1787 833 2068 897 comitati
2115 834 2262 897 sunt
2305 831 2476 913 (Act.
2523 831 2625 909 18,
2679 829 2774 895 18.
2820 828 2964 910 26.).

549 933 773 997 Postea
821 933 1070 1000 Claudio
1115 938 1356 999 mortuo
1400 935 1626 999 iterum
1651 935 1913 999 Romam
1961 938 2137 998 erant
2180 932 2427 997 reversi.
2498 930 2707 1011 Quum
2733 930 2962 993 Paulus

549 1033 621 1097 ul
641 1037 665 1097 t
685 1057 713 1097 e
737 1053 892 1101 ram
919 1037 997 1100 ad
1021 1036 1421 1103 Timotheum
1445 1037 1796 1118 scripsisset
1820 1036 2170 1118 epistolam,
2211 1035 2434 1098 iterum
2462 1036 2638 1098 erant
2661 1033 2713 1096 Ε
2731 1052 2772 1113 p
2799 1031 2841 1095 h
2860 1031 2967 1094 esi

545 1133 629 1217 (2.
677 1137 817 1201 Tim
861 1137 921 1214 4,
971 1136 1117 1219 19.).
1151 1177 1228 1187 -
1252 1135 1736 1222 „Coeperatores
1778 1158 1938 1200 meos
1970 1137 2039 1199 in
2067 1135 2305 1201 Christo
2327 1135 2481 1199 Jem
2499 1140 2563 1215 ‚·“
2604 1134 2644 1197 i.
2672 1153 2721 1199 e.
2751 1150 2965 1214 coope-

545 1241 777 1301 raturus
825 1255 990 1301 meos
1033 1238 1098 1301 in
1143 1238 1389 1321 negotio
1432 1238 1577 1301 fidei
1606 1237 1857 1317 Christi,
1905 1258 2014 1303 seu
2058 1240 2120 1302 in
2166 1238 2485 1320 evangelio
2529 1234 2963 1318 promovendo.

745 1341 817 1401 V.
863 1339 922 1402 4.
983 1337 1158 1417 „Qui
1198 1361 1324 1424 pro
1383 1340 1597 1402 anima
1654 1361 1790 1402 mea
1846 1362 2021 1404 suam
2076 1341 2351 1426 ipsorum
2410 1338 2695 1401 cervicem
2756 1356 2968 1420 suppo-

545 1445 863 1521 sum-unffi
907 1441 1080 1523 quasi
1126 1440 1389 1506 diceret:
1449 1441 1568 1520 Qui
1618 1459 1728 1524 pro
1774 1460 1915 1506 mea
1958 1443 2090 1505 vita
2132 1442 2366 1505 tuenda
2410 1458 2549 1504 sese
2594 1437 2820 1502 mortis
2866 1455 2969 1517 pe-

541 1541 733 1605 rieulu
793 1540 1162 1623 ubjecerunt.
1265 1540 1602 1621 Quando
1667 1546 1729 1606 et
1790 1544 1967 1620 ubi,
2024 1544 2188 1608 certo
2250 1542 2367 1606 dici
2428 1540 2677 1623 nequit;
2738 1538 2868 1602 fors
2911 1536 2969 1598 in

545 1641 837 1705 seditione
884 1641 1422 1707 Corinthiaca
1466 1642 1789 1726 (Act.,18,
1839 1643 1985 1729 12.),
2048 1646 2157 1708 aut
2217 1644 2282 1708 in
2328 1641 2752 1726 Ephesina
2800 1637 2967 1722 (Act.

545 1745 645 1821 19,
709 1745 857 1825 24.)
945 1741 1238 1827 τράχηλον
1299 1738 1683 1822 dameam,
1732 1745 2035 1809 cervicem
2096 1743 2482 1820 submittere,
2548 1742 2682 1808 soil.
2748 1738 2966 1814 securi,

541 1845 773 1925 tropice
821 1845 1057 1910 dictum
1105 1849 1219 1923 est,
1267 1845 1330 1909 et
1371 1846 1570 1909 valet:
1619 1865 1940 1910 summum
1984 1847 2149 1910 vitae
2206 1844 2547 1929 periculum
2610 1842 2845 1919 subire.
2891 1874 2968 1885 --

545 1945 829 2025 „Quibus
867 1970 990 2011 non
1032 1946 1228 2011 solum
1269 1969 1373 2033 390
1415 1948 1657 2033 qratias
1688 1969 1826 2031 ayo,
1871 1946 1976 2010 sed
2019 1955 2075 2010 et
2116 1969 2317 2010 omnes
2339 1944 2620 2010 ecclesiae
2640 1941 2969 2028 yentium.“

541 2049 697 2112 Vult
745 2049 970 2113 dicere:
1037 2049 1240 2128 Quam
1285 2048 1361 2112 ob
1406 2068 1537 2113 rem
1583 2067 1705 2113 non
1751 2049 1952 2113 solum
2015 2066 2128 2132 ego
2187 2048 2421 2133 gratias
2481 2063 2598 2129 ago
2654 2044 2807 2119 illis,
2869 2039 2968 2104 sed

545 2153 733 2213 etium
801 2168 1044 2215 mecum
1108 2168 1325 2214 omnes
1386 2150 1685 2215 ecclesiae
1746 2150 2101 2233 gentilium,
2169 2167 2363 2232 quum
2422 2148 2719 2212 nimirum
2781 2145 2968 2209 bene-

541 2253 753 2313 ficium
801 2252 1196 2317 conservatae
1242 2251 1406 2315 vitae
1466 2251 1685 2334 ipsiuS,
1745 2251 2119 2315 beneficium
2168 2251 2333 2316 esset
2376 2266 2500 2314 non
2544 2251 2796 2313 tantum
2846 2246 2969 2329 pri-

545 2357 777 2425 vatum,
829 2351 935 2415 sed
979 2352 1057 2415 ad
1103 2368 1318 2415 omnes
1366 2352 1704 2434 pertineret
1746 2352 2076 2435 gentilium
2122 2351 2426 2415 ecclesias,

749 2453 821 2513 V.
867 2451 924 2517 5.
972 2452 1100 2530 „Et
1141 2450 1469 2530 ecclesiam,
1512 2451 1669 2537 quae
1724 2454 1792 2515 in
1836 2452 2013 2516 domo
2057 2473 2263 2516 eorum
2306 2456 2452 2530 est‘ss
2510 2448 2753 2514 scilicet
2800 2446 2968 2511 salu·

541 2553 689 2613 tate.
777 2553 898 2615 Per
940 2552 1418 2629 ecclesiam,
1477 2571 1635 2633 quae
1688 2552 1868 2635 juxta
1911 2573 1961 2617 s.
2009 2554 2372 2637 apostolum,
2426 2552 2555 2615 erat
2613 2550 2678 2614 in
2738 2549 2967 2612 domo

541 2653 809 2733 Aquilae
853 2654 911 2716 et
953 2651 1221 2729 Priscae,
1271 2654 1548 2718 nonnulli
1593 2654 1956 2737 intelligunt
2014 2655 2219 2737 ipsam
2265 2644 2475 2717 eorum
2521 2649 2962 2725 familiam,

545 2753 609 2813 id
673 2757 789 2829 est,
861 2752 1106 2828 liberos,
1173 2771 1382 2818 servos
1429 2754 1491 2817 et
1554 2755 1830 2831 ancillas„
1894 2755 1999 2837 qui
2062 2773 2277 2819 omnes
2343 2756 2551 2818 essent
2619 2748 2965 2823 christiani,

541 2853 773 2937 quippe
821 2872 1009 2933 quum
1055 2871 1169 2917 vox
1215 2854 1578 2919 ecclesia
1637 2874 1821 2921 sensu
1882 2856 2184 2922 latissimo
2230 2856 2481 2920 denotet
2524 2870 2779 2917 omnem
2818 2848 2967 2914 fide-

541 2957 721 3029 lium,
789 2954 1074 3037 quamvis
1141 2953 1430 3037 exiguam
1497 2945 1585 3019 et'
1625 2956 1953 3037 privatam,
2021 2957 2120 3020 vel
2183 2943 2368 3020 unius
2433 2956 2684 3019 tantum
2741 2952 2966 3015 domus

541 3057 1308 3140 congregationem.
1401 3055 1523 3120 Sed
1582 3056 1874 3139 praeferri
1919 3057 2162 3121 videtur
2210 3056 2520 3121 sententia
2577 3071 2812 3130 eorum,
2863 3048 2967 3131 qui

541 3177 649 3237 per
709 3158 1163 3222 eeclesiam
1230 3157 1774 3222 domesticam
1842 3158 2201 3241 intelligunt
2266 3176 2408 3223 eum
2476 3154 2967 3219 christiano-

541 3277 625 3321 ru
653 3277 709 3321 u]
757 3262 1102 3336 suetum,
1150 3259 1256 3341 qui
1300 3258 1364 3321 in
1418 3258 1668 3322 Priscae
1713 3262 1775 3322 et
1820 3260 2081 3342 Aquilae
2128 3261 2309 3325 domo
2366 3257 2692 3322 convenire
2738 3256 2966 3320 soleret

541 3361 733 3421 diuini
801 3360 1005 3425 uultus
1087 3378 1292 3424 causa.
1359 3396 1444 3407 —
1508 3358 1836 3437 „Salutate
1901 3361 2296 3445 Epaenetwm,
2358 3349 2643 3423 dilectum
2706 3361 2966 3422 meumst

541 3457 629 3521 Du
681 3461 1094 3541 Epaeneto
1162 3460 1248 3523 nil
1309 3460 1462 3523 certi
1523 3461 1701 3525 nobis
1760 3463 2021 3539 constat,
2086 3461 2179 3526 uti
2236 3480 2351 3526 nec
2411 3462 2485 3525 de
2531 3460 2804 3541 reliquis,
2857 3457 2965 3540 qui

538 3577 713 3641 'purru
785 3561 1070 3645 (5—16.)
1153 3561 1523 3625 nominatim
1601 3561 1678 3626 ab
1754 3563 2035 3645 apostolo
2102 3564 2471 3628 salutantur.
2580 3560 2965 3625 Posteriores

545 3661 874 3741 suriptures
921 3662 1172 3743 quidam
1221 3680 1326 3727 eos
1369 3681 1586 3727 omnes
1632 3666 1956 3727 recensent
2002 3663 2162 3728 inter
2206 3664 2289 3727 70
2332 3662 2665 3745 discipulos
2709 3657 2962 3735 Christi,

537 3765 645 3825 sed
689 3765 915 3841 ubsque
939 3762 1268 3826 sufficienti
1293 3782 1496 3827 causa.
1547 3800 1623 3809 -
1671 3762 2291 3849 „Quiestprimitiae
2315 3763 2509 3828 Aside
2548 3765 2615 3826 in
2646 3761 2885 3827 Christo
2899 3760 2962 3840 ,·“

542 3861 581 3925 i.
653 3885 705 3925 e.
773 3863 877 3945 qui
941 3861 1181 3944 primus
1258 3862 1323 3925 in
1386 3863 1544 3928 Asia
1609 3863 2076 3947 (proconsulari,
2145 3865 2302 3929 Asia
2368 3866 2459 3929 cis
2526 3865 2830 3947 Taurum)
2898 3864 2962 3926 in

541 3961 853 4025 Christum
917 3961 1193 4026 credidit.
1283 3962 1546 4047 ἅπαρχῆ,
1606 3966 1937 4048 primitiae,
2000 3966 2039 4029 i.
2088 3985 2137 4030 e.
2186 3967 2395 4030 ordine
2456 3966 2693 4049 primus
2750 3964 2849 4048 (cf.
2900 3965 2957 4040 8,

537 4065 685 4145 23].
777 4062 1078 4127 Nonnulli
1144 4063 1380 4127 codices
1446 4067 1577 4130 loco
1644 4066 1847 4131 Asia
1910 4068 2128 4150 legunt
2194 4067 2538 4145 Achaia;
2606 4067 2711 4131 sed
2776 4065 2959 4130 lectio

537 4165 690 4229 haec
741 4164 1172 4229 verosimiliter
1215 4164 1338 4227 huc
1384 4164 1560 4229 illata
1604 4167 1735 4229 erat
1779 4186 1851 4231 ex
1896 4169 1951 4232 1.
2001 4167 2131 4233 Cor.
2183 4169 2280 4245 16,
2334 4169 2429 4233 15.

737 4265 813 4329 V.
861 4267 915 4331 6.
966 4264 1247 4329 Salutate
1269 4266 1570 4345 Mariam,
1613 4289 1768 4351 quae
1808 4267 2061 4331 multum
2106 4267 2415 4331 laboravit
2453 4269 2523 4331 in
2564 4267 2793 4347 vobia‘ss
2833 4267 2872 4330 i.
2901 4284 2956 4329 e.

537 4369 701 4449 apud
745 4385 869 4430 rus,
960 4366 1092 4430 Alii
1149 4384 1290 4448 pro:
1351 4369 1408 4428 ἐν
1468 4366 1617 4448 ὑμῖν,
1679 4369 1775 4431 uti
1818 4368 2091 4451 Vulgata
2152 4387 2294 4432 cum
2355 4369 2573 4433 multis
2638 4368 2951 4433 codicibus

537 4465 745 4545 hahet,
805 4469 1019 4549 legunt
1075 4470 1158 4537 εἰς
1215 4466 1376 4547 ἠμᾶς
1435 4467 1543 4551 (in
1586 4484 1765 4544 noS,
1811 4468 1850 4531 i.
1898 4487 1949 4531 e.
1999 4486 2145 4552 erga
2187 4468 2363 4553 nos);
2426 4473 2489 4533 et
2533 4469 2763 4535 iterum
2804 4468 2951 4532 alii:
