3234 4992
575 244 657 309 88
1575 234 1687 288 Cap.
1714 236 1797 281 VI.
1821 247 1867 280 v.
1894 240 2009 281 1—8.

576 428 859 513 opposita
879 425 1149 497 θάνατος
1168 428 1264 492 est
1283 426 1522 493 fructus
1543 447 1583 511 p
1601 446 1635 491 e
1650 444 1733 491 cc
1746 444 1785 492 a
1801 429 1831 490 t
1850 426 1873 489 i
1914 424 2047 509 (τῆς
2068 423 2403 508 ἁμαρτίας).
2428 423 2635 488 —Pe
2649 443 2680 487 r
2721 422 2764 488 J
2775 441 2812 486 e
2830 440 2862 487 s
2882 440 2923 487 u
2940 441 3000 485 m

579 530 642 695 01
642 530 685 595 h
699 529 863 695 Ἔίεὲῐίιῐ
874 548 917 594 u
921 548 998 697 {n
1017 577 1069 695 ,5
1089 529 1208 715 )qui
1271 532 1369 593 est
1431 548 1475 595 u
1493 547 1534 593 n
1547 547 1590 593 u
1607 547 1639 593 s
1705 527 2011 593 mediator
2075 526 2238 591 inter
2302 526 2507 591 Deum
2574 528 2640 589 et
2710 524 2999 628 homines

579 631 604 717 (
631 679 666 698 Α.
860 680 875 695 .
967 678 982 709 ,
1068 678 1084 694 .
1119 679 1134 695 .

1545 816 1825 891 Pars
1875 815 2042 892 ΙΙ.

579 983 682 1065 De
732 972 1310 1085 justificatione
1378 980 1805 1081 subjective
1854 980 2357 1061 considerata
2406 978 2503 1082 (6,
2568 976 2783 1073 1-8‚
2838 976 3001 1077 394.

1589 1150 1837 1252 caput
1887 1148 1995 1231 vi.

786 1336 1396 1421 Argumentum.
1483 1337 1824 1419 Postquam
1870 1355 1919 1400 s.
1967 1336 2286 1418 apostolus
2331 1336 2397 1399 in
2441 1332 2825 1417 praegressis
2898 1332 2999 1395 de-

582 1443 1062 1517 monstraverat,
1105 1437 1426 1503 hominem
1450 1439 1883 1503 tantummodo
1908 1457 2019 1522 per
2060 1437 2309 1501 fidem
2352 1435 2434 1501 in
2466 1436 2511 1502 J
2526 1454 2745 1501 esum
2787 1432 3002 1499 Chri-

583 1544 800 1607 stum
835 1538 1168 1623 justificari
1211 1538 1275 1603 et
1315 1538 1584 1603 salutem
1630 1540 1920 1622 consequi
1984 1538 2322 1617 aeternam,
2392 1556 2555 1601 nunc
2612 1535 2893 1617 loquitur
2934 1533 3000 1596 de

575 1640 1021 1726 justificatione
1063 1639 1525 1723 subjective
1571 1640 1977 1720 considerata,
2004 1657 2371 1724 proponenS‚
2403 1656 2707 1721 quosnam
2754 1636 2844 1703 ef
2856 1635 2886 1700 f
2898 1655 2930 1699 e
2947 1652 3000 1698 c-

581 1742 708 1809 tus
742 1740 1104 1824 justificatio
1148 1740 1214 1804 in
1271 1739 1524 1805 homine
1579 1742 1895 1823 producat.
1986 1741 2083 1806 Ne
2145 1746 2357 1807 autem
2423 1740 2564 1823 quis
2628 1739 2797 1818 inde,
2866 1737 3000 1820 quia

583 1844 838 1921 dixerat,
905 1840 1175 1925 gratiam
1239 1842 1413 1906 tanto
1480 1841 2040 1907 abundantius
2108 1860 2174 1906 se
2242 1841 2702 1919 manifestasse,
2776 1838 2998 1923 quanto

585 1943 784 2027 maj0r
825 1942 1013 2007 fuerit
1071 1942 1388 2024 iniquitaS,
1455 1961 1779 2026 perperam
1846 1942 2185 2027 colligeret,
2252 1944 2319 2007 in
2382 1960 2577 2026 pecc
2598 1940 2808 2007 ando
2875 1957 2998 2003 esse

584 2065 625 2130 p
647 2065 681 2110 e
703 2064 734 2109 r
755 2064 785 2109 s
807 2064 842 2109 e
863 2063 902 2109 v
927 2063 960 2108 e
981 2064 1012 2109 r
1033 2062 1070 2108 a
1090 2063 1133 2108 n
1155 2042 1196 2107 d
1219 2064 1260 2109 u
1283 2063 1349 2108 m
1365 2092 1382 2123 ,
1448 2043 1592 2108 huic
1660 2044 1881 2109 abusui
1947 2044 2257 2110 doctrinae
2301 2044 2651 2128 propositae
2716 2040 2992 2116 occurrit,

528 2222 540 2235 ⁸
586 2147 936 2223 ostendens,
980 2163 1089 2227 per
1132 2162 1270 2209 eam
1308 2145 1565 2210 minime
1593 2145 1843 2211 concedi
1884 2146 2002 2211 lib
2021 2150 2369 2212 ertatem
2412 2144 2856 2228 peccandi,
2902 2140 2998 2206 sed

583 2247 794 2331 potius
841 2264 980 2311 eam
1043 2263 1370 2327 provocare
1437 2246 1516 2311 ad
1581 2246 1860 2311 studium
1928 2247 2279 2312 virtutis
2344 2249 2406 2311 et
2472 2244 2994 2319 sanctitatiS,

588 2365 781 2431 quum
827 2344 1220 2422 christianUS,
1289 2347 1396 2427 qui
1460 2366 1571 2429 per
1632 2347 2021 2431 baptismum
2068 2348 2315 2413 Christo
2382 2346 2594 2412 unitus
2640 2349 2705 2411 et
2749 2364 2896 2411 cum
2936 2360 2996 2407 eo

588 2448 954 2513 mortuus
1000 2445 1112 2523 est,
1171 2446 1354 2527 atque
1411 2464 1554 2512 eum
1621 2448 1837 2513 eodem
1891 2450 1969 2513 ad
2046 2450 2303 2514 vitam
2368 2468 2651 2514 novam
2718 2448 2994 2514 continuo

587 2549 799 2612 sancte
833 2546 1141 2630 agendam
1163 2548 1506 2628 resurrexit,
1549 2550 1887 2632 peccato
1933 2551 2169 2634 plane
2212 2551 2583 2615 mortuus
2607 2568 2741 2615 esse
2762 2550 2995 2625 debeat,

587 2648 772 2731 idque
815 2646 990 2712 tanto
1034 2647 1253 2731 magiS,
1300 2668 1492 2732 quum
1535 2668 1659 2714 non
1700 2651 1782 2715 sit
1840 2652 2109 2735 amplius
2172 2651 2289 2717 sub
2352 2653 2429 2717 le
2446 2671 2569 2736 ge,
2640 2651 2995 2734 cupiditates

589 2747 892 2814 excitante
934 2765 1007 2812 ac
1049 2747 1347 2827 irritante,
1393 2750 1501 2813 sed
1545 2752 1663 2816 sub
1705 2753 1987 2835 gratia.

801 2848 871 2914 V.
922 2850 977 2913 1.
1025 2848 1242 2928 „Quid
1282 2850 1473 2935 iyitur
1535 2850 1846 2915 dicemus?
1914 2876 2059 2917 num
2100 2855 2169 2917 in
2216 2864 2470 2939 peccato
2515 2872 2996 2939 permaneamus,

586 2958 656 3015 ut
695 2948 906 3035 qratia
949 2948 1300 3014 abundeff‘?
1362 2952 1702 3035 Apostolus
1764 2955 1901 3020 vult
1967 2955 2209 3021 dicere:
2274 2955 2484 3035 Quum
2530 2956 2701 3039 prius
2748 2954 2838 3039 (v.
2882 2951 2995 3035 20.)

588 3052 864 3131 dixerim,
899 3052 1168 3136 gratiam
1194 3053 1714 3136 superabundare,
1738 3056 1846 3120 ubi
1874 3056 2212 3122 abundavit
2236 3058 2583 3141 peccatum,
2612 3075 2692 3122 an
2713 3056 2843 3123 fors
2864 3054 2991 3120 inde

587 3154 970 3239 colligemuS,
1017 3155 1507 3238 permanendum
1555 3174 1690 3221 esse
1734 3156 1801 3221 in
1847 3160 2141 3239 peccato,
2189 3161 2441 3242 peccata
2506 3158 2778 3242 peccatis
2827 3174 2994 3223 accu-

587 3254 913 3333 mulanda,
976 3258 1047 3320 ut
1111 3255 1381 3339 amplius
1449 3255 1721 3322 abundet
1786 3261 1849 3321 et
1914 3260 2384 3325 commendetur
2446 3260 2649 3343 gratia
2714 3259 2885 3323 Dei?
2928 3290 2993 3304 -

588 3353 888 3419 Nonnulli
932 3356 1166 3421 codices
1211 3375 1354 3422 cum
1379 3356 1743 3440 Vulgata
1785 3359 1917 3423 loco
1963 3360 2479 3443 conjunctivi
2525 3356 2993 3445 (deliberativi):

587 3456 937 3536 ἐπιμένωμεν
1000 3458 1218 3541 legunt
1283 3459 1484 3523 futu
1508 3479 1540 3523 r
1559 3479 1601 3524 u
1624 3478 1729 3525 m:
1796 3464 2168 3541 ἐπιμενοῦμεν
2237 3466 2303 3545 (p
2328 3482 2405 3527 er
2428 3480 2605 3527 man
2626 3458 2991 3542 ebimus);

588 3574 805 3719 {ensus
869 3561 1153 3621 remanet
1216 3559 1399 3625 idem.
1450 3596 1532 3607 —
1575 3563 1757 3627 Hanc
1819 3579 2172 3647 perversam
2237 3564 2679 3648 cogitationem
2746 3560 2991 3649 repellit,

630 3674 836 3721 1cens:

793 3757 868 3823 V.
915 3758 978 3822 2.
1022 3758 1305 3840 „Absit“,
1349 3762 1389 3827 i.
1437 3782 1486 3827 e.
1535 3763 1698 3830 absit
1742 3784 1779 3829 a
1822 3765 1943 3849 piis
1988 3765 2302 3831 mentibus
2359 3766 2511 3831 haec
2579 3767 2777 3851 impia
2842 3764 2991 3849 cogi-

585 3858 762 3924 tatio·
812 3894 889 3905 -
934 3858 1224 3945 „Quippe
1266 3863 1374 3947 qui
1407 3873 1654 3947 peccato
1682 3888 1889 3929 sumus
1920 3868 2164 3946 mortui,
2209 3867 2503 3953 quomodo
2524 3867 2726 3933 adhuc
2748 3869 2990 3932 vivemus

583 3959 652 4022 in
697 3959 851 4024 eom?
891 3996 978 4007 --
1018 3960 1285 4027 Phrases
1329 3964 1662 4031 Paulinae:
1728 3967 2008 4032 vivere
2052 3969 2427 4051 peccato,
2494 3969 2694 4052 legi,
2755 3965 2987 4053 Justi-

588 4061 790 4139 tiae,
836 4061 1032 4142 Deo,
1077 4063 1434 4147 significant
1477 4069 1980 4133 servitutem
2025 4073 2088 4133 et
2151 4069 2663 4151 obsequium,
2709 4072 2869 4153 quod
2906 4066 2986 4132 his

589 4160 994 4244 impenditur,
1041 4165 1151 4229 aut
1214 4170 1793 4234 commercium
1838 4170 2137 4255 (nexum),
2204 4170 2366 4254 quod
2409 4188 2553 4235 cum
2597 4170 2672 4235 iis
2714 4171 2983 4239 habetur:

590 4263 654 4324 et
698 4280 731 4324 e
777 4265 1114 4331 contrario:
1162 4267 1352 4333 mori
1398 4288 1507 4333 seu
1551 4273 1966 4337 mortuum
2011 4290 2147 4336 esse
2190 4274 2575 4356 peccato,
2621 4272 2791 4355 legi
2833 4273 2982 4357 etc„

593 4365 717 4427 est:
763 4364 840 4430 ab
883 4366 1106 4433 horum
1172 4369 1466 4435 servitute
1532 4374 1595 4435 et
1662 4371 1953 4455 obsequio
2020 4373 2265 4456 penitus
2330 4392 2469 4437 esse
2534 4373 2805 4439 liberum
2868 4356 2922 4459 et
2956 4385 2983 4455 a

593 4468 963 4533 commercio
1030 4468 1240 4561 (nexu)
1307 4490 1452 4541 cum
1517 4473 1646 4538 illis
1716 4473 1988 4541 alienum
2055 4474 2219 4560 (Gal.
2289 4474 2351 4555 2,
2424 4476 2521 4555 19.
2591 4474 2717 4563 col,
2786 4475 2843 4563 2,
2900 4470 2979 4549 202

1313 4982 1899 4992 -———————--——r———1··
2306 4982 2313 4984 -
2572 4974 2761 4992 -α-ι--ι
