3234 4992
609 236 731 299 142
913 206 922 213 ’
1419 274 1430 287 ‚
1557 230 2087 283 emmaus-es.

607 418 789 484 nobis
845 416 1304 483 humanitatem
1362 417 1864 500 (passionem
1928 423 1992 483 et
2048 416 2383 483 mortem
2438 416 2508 481 in
2564 416 2827 500 quinque
2890 436 3015 483 001-

608 519 775 604 poris
836 518 968 603 ejus
1027 517 1278 601 gloriosi
1332 518 1660 583 vulnerum
1716 519 1998 603 vestigiis
2068 537 2315 600 semper
2372 518 2795 603 conspicuam)
2857 518 3019 583 Patri

611 638 856 702 semper
906 621 1342 703 repraesentat,
1405 622 1469 683 et
1511 619 1917 685 sanctissima
1972 618 2181 684 anima
2237 636 2350 685 sua
2404 637 2519 685 nos
2580 620 2802 685 salutis
2860 637 3019 685 com·

607 723 784 804 potes
827 719 962 784 fieri
1005 719 1326 785 desiderat.
1371 756 1456 765 —
1497 720 1592 785 De
1636 720 1821 785 verbo
1862 717 2183 803 ἐντυγχάνω
2228 719 2306 785 cf.
2354 720 2521 784 dicta
2563 738 2621 784 v.
2666 718 2768 786 26.

816 820 888 884 V.
937 819 1035 885 35.
1083 818 1287 899 „Quis
1343 841 1454 883 nos
1495 818 1809 905 separabit
1850 842 1891 884 a
1934 821 2231 885 charitate
2280 819 2511 885 Christi
2525 819 2596 882 2«
2680 820 3020 885 Particula:

611 940 644 984 e
659 939 746 1003 rg
763 939 798 986 o
813 969 828 999 ,
876 939 1063 1003 quam
1105 920 1295 987 habet
1337 920 1632 1004 Vulgata,
1693 938 1817 986 non
1877 922 2110 1005 legitur
2154 923 2222 987 in
2264 920 2521 989 Graeco.
2608 918 2670 985 S.
2718 922 3020 1004 apostolus

609 1021 824 1086 scribit
879 1024 968 1091 τίς
1025 1020 1274 1105 (quis),
1335 1039 1458 1086 non
1511 1021 1725 1087 autem
1781 1025 1844 1082 τί
1896 1022 2056 1108 (qui
2074 1021 2162 1106 d),
2222 1022 2507 1105 quamvis
2566 1022 3020 1087 enumeraturus

614 1124 780 1187 esset
822 1140 987 1199 res,
1033 1138 1156 1186 non
1199 1138 1531 1204 personas:
1574 1122 2013 1187 verosimiliter
2052 1122 2305 1207 propter
2348 1122 3017 1187 conformitatem

607 1240 662 1287 v.
710 1222 810 1286 31.
875 1222 976 1287 32.
1036 1222 1175 1297 34.;
1239 1221 1386 1286 hinc
1450 1220 1517 1285 in
1573 1239 1724 1287 voce
1787 1224 1875 1293 τίς
1935 1224 2093 1287 latet
2150 1222 2340 1287 simul
2397 1225 2471 1287 τί.
2532 1257 2608 1269 -
2672 1219 2876 1305 ἀγάπη
2928 1226 3022 1284 τοῦ

605 1325 890 1402 Χριστοῦ.
975 1320 1300 1387 Genitivus
1341 1324 1450 1384 τοῦ
1485 1326 1757 1405 Χριστοῦ
1790 1326 1886 1389 est
1927 1323 2239 1407 genitivus
2285 1322 2427 1389 sub
2440 1322 2467 1406 j
2490 1323 2845 1402 ectivus,
2890 1323 2932 1387 i.
2973 1342 3015 1386 e.

609 1424 879 1489 charitas
929 1421 1164 1488 Christi
1207 1441 1353 1506 erga
1416 1440 1552 1502 nos,
1615 1426 1681 1487 et
1743 1441 1865 1489 non
1929 1423 2243 1507 genitivus
2307 1416 2834 1506 objectivuS,
2890 1424 2929 1487 i.
2972 1443 3014 1487 e.

613 1524 886 1589 charitas
931 1527 1142 1588 nostra
1193 1542 1340 1607 erga
1383 1521 1721 1591 Christum.
1808 1523 1883 1588 Id
1940 1523 2218 1608 postulat
2272 1542 2467 1589 nexus
2530 1525 3015 1589 antecedentium

609 1628 673 1689 et
717 1623 1144 1707 sequentium:
1188 1642 1336 1689 nam
1379 1643 1435 1688 v.
1477 1624 1578 1690 32.
1621 1625 1865 1689 locutus
1928 1626 2028 1689 est
2069 1626 2144 1688 de
2188 1624 2490 1691 charitate
2529 1625 2586 1689 D
2608 1625 2683 1691 ei
2724 1625 3014 1701 PatriS,

611 1742 733 1807 qua
775 1742 886 1789 nos
930 1722 1184 1800 dilexit:
1227 1742 1284 1788 v.
1332 1724 1433 1789 34.
1478 1727 1690 1789 autem
1735 1725 1907 1789 varia
1950 1725 2267 1791 momenta
2308 1729 2646 1805 enumerat,
2692 1726 2759 1789 in
2805 1726 3012 1809 quibus

614 1823 1001 1890 Christus
1047 1842 1270 1888 suam
1314 1842 1502 1908 erga
1555 1842 1671 1889 nos
1716 1824 2083 1889 charitatem
2143 1826 2611 1891 demonstravit.
2698 1826 2783 1891 Et
2824 1844 2881 1893 v.
2924 1825 3012 1891 39.

609 1924 837 1991 iterum
876 1924 1148 2008 loquitur
1190 1926 1266 1989 de
1309 1925 1610 1990 charitate
1655 1924 1821 2003 Dei,
1867 1944 2023 2007 quae
2066 1929 2163 1991 est
2204 1926 2270 1990 in
2316 1924 2563 1995 Christo
2607 1926 2651 1992 J
2653 1945 2781 1991 esu.
2872 1925 3009 1991 Cum

598 2026 731 2109 jam
779 2026 1047 2091 charitas
1090 2025 1236 2090 Dei
1279 2029 1342 2090 et
1386 2024 1705 2091 Christi
1749 2025 1833 2090 sit
1890 2044 2043 2090 una
2095 2025 2577 2108 eademque,
2638 2026 2707 2091 in
2746 2026 2849 2091 his
2892 2043 3009 2090 om-

605 2126 788 2193 nibus
854 2127 1006 2192 locis
1075 2144 1276 2192 sermo
1352 2126 1450 2191 est
1523 2125 1600 2190 de
1665 2125 2001 2205 charitate,
2070 2144 2191 2209 qua
2257 2125 2545 2192 Christus
2610 2144 2722 2192 nos
2790 2125 3007 2193 dilexit.

608 2227 930 2305 Attamen,
978 2227 1129 2291 dum
1151 2227 1463 2309 apostolus
1498 2227 1573 2290 de
1615 2225 1917 2291 charitate
1943 2224 2265 2292 Christi
2309 2246 2506 2311 erga
2547 2246 2689 2293 nos
2732 2228 3006 2311 loquitur,

609 2327 798 2394 simul
862 2327 1055 2391 etiam
1120 2326 1355 2410 cogitat
1430 2328 1504 2391 de
1583 2326 1890 2392 charitate
1974 2330 2265 2393 nostra
2328 2346 2519 2412 erga
2585 2326 3007 2401 Christum,

607 2428 907 2509 tanquam
950 2425 1446 2490 conditione
1489 2427 2012 2511 subjectiva,
2076 2428 2194 2493 sub
2238 2446 2361 2511 qua
2402 2448 2515 2494 nos
2558 2447 2598 2493 a
2642 2426 2891 2494 Christo
2932 2425 3009 2491 di·

610 2527 898 2609 ligimur:
978 2526 1293 2608 apostolus
1367 2527 1532 2591 enim
1611 2528 1821 2595 nostro
1891 2546 2075 2593 versu
2139 2529 2275 2593 vult
2350 2529 2468 2594 hoc
2532 2529 2771 2595 dicere:
2840 2528 3009 2594 Nulla

607 2624 857 2690 afflictio
897 2626 1191 2707 nullaque
1235 2627 1526 2711 angustia
1569 2630 1777 2711 potest
1838 2647 1950 2694 nos
2008 2648 2365 2712 permovere
2408 2630 2486 2694 ad
2532 2628 2943 2695 defectionem
2977 2644 3007 2690 a

609 2725 854 2792 Christo
913 2727 1004 2810 (et
1063 2727 1219 2810 Deo)
1239 2775 1284 2805 ,.
1324 2731 1387 2792 et
1447 2729 1538 2793 ita
1594 2730 1774 2795 nobis
1836 2729 2033 2813 ipsius
2091 2748 2238 2813 erga
2293 2748 2407 2795 nos
2464 2730 2835 2797 charitatem
2896 2727 3006 2793 adi-

608 2846 795 2893 mere.
857 2862 942 2877 --
997 2827 1216 2907 „Num
1271 2826 1580 2913 afflictio?
1643 2851 1791 2894 num
1852 2830 2185 2915 anqustiaffi
2248 2850 2394 2894 num
2436 2829 2825 2915 persecutio?
2886 2848 3005 2893 num

591 2928 850 3014 fames?
891 2950 1037 2993 num
1077 2928 1372 2993 nuditas?
1413 2952 1559 2993 num
1589 2929 1978 3015 periculum?
2035 2953 2181 2995 num
2230 2928 2479 3016 yladius
2496 2929 2566 2993 ?“
2620 2966 2708 2977 —-
2762 2930 2840 2994 In
2882 2947 3005 2995 enu-

609 3030 923 3095 merandis
985 3029 1158 3095 hisce
1219 3030 1405 3095 rebus
1473 3050 1520 3095 s.
1569 3031 1887 3114 apostolus
1945 3033 2193 3116 propria
2250 3050 2364 3097 sua
2427 3030 2559 3096 fata
2622 3032 2887 3096 adversa
2942 3028 3003 3092 ob

612 3131 820 3197 oculos
862 3131 1054 3197 habet
1112 3130 1274 3213 (coll.
1325 3133 1379 3195 1.
1428 3130 1564 3198 Cor.
1608 3132 1670 3211 4,
1734 3134 1829 3196 11.
1876 3151 1996 3215 seq.
2047 3134 2107 3198 2.
2157 3131 2291 3197 001.
2337 3133 2397 3210 6,
2456 3133 2515 3196 4.
2578 3150 2704 3215 seq.
2769 3133 2870 3211 11,
2922 3128 3002 3195 23.

611 3234 786 3319 seq.).
819 3270 906 3286 --
940 3233 1162 3316 θλίψις
1191 3232 1256 3317 (a
1297 3234 1496 3314 θλίβοι»
1523 3232 1762 3317 premo)
1795 3235 1893 3298 est
1936 3234 2176 3317 propie:
2220 3252 2404 3317 pres
2423 3232 2571 3311 sio,
2616 3230 3003 3316 compressio:

609 3335 1062 3419 metaphorice:
1107 3335 1583 3419 oppressio,
1630 3333 2020 3399 afflictio.
2049 3336 2503 3417 -στενοχωρία
2527 3333 2630 3417 (ex
2670 3330 2877 3405 στενός
2916 3349 3003 3397 an-

611 3438 836 3518 gustus
881 3439 944 3501 et
984 3434 1152 3517 χώρα
1182 3436 1378 3520 regio)
1419 3436 1695 3519 proprie:
1742 3435 2034 3520 angustia
2073 3436 2223 3513 loci:
2268 3435 2409 3500 dein
2452 3435 2863 3519 angustia,
2907 3451 3003 3500 an-

609 3536 873 3601 xietas
915 3538 1180 3615 animi,
1225 3540 1296 3601 ut
1337 3537 1398 3601 h.
1423 3536 1463 3600 l.
1499 3576 1580 3591 -
1613 3532 1891 3617 μάχαιρα,
1932 3536 2214 3619 gladius:
2259 3536 2320 3601 h.
2346 3536 2387 3599 1.
2420 3554 2531 3617 per
2575 3535 3002 3619 metonymiam

609 3635 893 3701 denotat:
951 3637 1286 3701 mortem
1329 3656 1473 3721 per
1514 3637 1913 3721 gladium,
1971 3639 2080 3702 aut
2123 3639 2466 3702 mortem
2511 3638 2876 3719 generatim.

823 3736 891 3801 V.
938 3738 1039 3802 36.
1097 3734 1317 3815 „Sicut
1369 3737 1660 3822 scriptum
1714 3742 1861 3816 esff‘,
1926 3737 2053 3801 scil.
2118 3736 2319 3820 (juxta
2374 3736 2590 3821 Vulg.)
2653 3737 2720 3803 in
2785 3738 3001 3821 psalmo

609 3838 710 3903 43.
771 3836 854 3919 (v.
914 3836 1068 3921 23.).
1129 3872 1210 3885 --
1271 3837 1360 3903 Ut
1418 3838 1850 3917 confirmaret,
1928 3838 2282 3903 christianis
2358 3839 2852 3921 persecutionem
2917 3852 3004 3921 per

609 3937 888 4022 gladium
945 3955 1160 4002 revera
1201 3936 1532 4002 imminere
1559 3985 1580 4016 ,
1645 3939 1878 4021 allegat
1925 3940 2136 4003 locum
2186 3957 2259 4003 ex
2311 3939 2555 4022 psalmo
2589 3938 2692 4003 43.
2726 3941 3001 4021 tanquam

608 4038 996 4123 prophetiam
1058 4037 1501 4103 continuatam.
1561 4074 1639 4085 -
1684 4038 1991 4124 „Propter
2046 4048 2103 4103 te
2160 4040 2231 4103 in
2285 4040 2499 4103 mortis
2545 4038 2839 4124 pericula
2894 4057 3000 4100 con-

591 4138 854 4229 ficimur
895 4146 1083 4201 totwm
1123 4136 1305 4217 diem,
1349 4136 1637 4201 habemur
1677 4139 1831 4201 sieut
1872 4160 2007 4203 oves
2045 4140 2495 4203 mactationis&
2542 4175 2613 4186 -·
2663 4140 2741 4204 In
2786 4138 3001 4222 psalmo

608 4239 724 4303 hoc
768 4242 864 4305 est
908 4257 1112 4305 sermo
1155 4239 1232 4307 de
1275 4238 1524 4323 magnis
1571 4238 2009 4306 afflictionibus
2076 4244 2141 4305 et
2198 4239 2756 4323 persecutionibus,
2803 4236 2998 4321 quibus

609 4340 875 4422 populus
918 4340 1111 4405 Israel
1156 4340 1236 4405 ob
1281 4358 1460 4407 suam
1520 4340 1587 4403 in
1629 4338 1675 4405 J
1678 4339 1934 4406 ehovam
1993 4340 2183 4406 fidem
2246 4339 2324 4405 ab
2380 4339 2853 4422 oppressoribus
2896 4334 2999 4402 suis

609 4438 1041 4524 exponebatur.
1130 4438 1308 4521 Quod
1350 4441 1500 4505 tunc
1543 4438 1845 4524 temporis
1889 4440 2113 4523 populo
2155 4438 2355 4506 Israel
2397 4440 2680 4525 contigit,
2744 4440 2995 4524 idipsum
