<?xml version="1.0" encoding="UTF-8"?>
<!DOCTYPE html PUBLIC "-//W3C//DTD XHTML 1.0 Transitional//EN"
    "http://www.w3.org/TR/xhtml1/DTD/xhtml1-transitional.dtd">
<html xmlns="http://www.w3.org/1999/xhtml" xml:lang="en" lang="en">
 <head>
  <title>
</title>
<meta http-equiv="Content-Type" content="text/html;charset=utf-8" />
  <meta name='ocr-system' content='tesseract 3.04.00' />
  <meta name='ocr-capabilities' content='ocr_page ocr_carea ocr_par ocr_line ocrx_word'/>
</head>
<body>
  <div class='ocr_page' id='page_1' title='image "./commentariusine00klofgoog_0172.png"; bbox 0 0 3234 4992; ppageno 0'>
   <div class='ocr_carea' id='block_1_1' title="bbox 537 185 1999 259">
    <p class='ocr_par' dir='ltr' id='par_1_1' title="bbox 537 185 1999 259">
     <span class='ocr_line' id='line_1_1' title="bbox 537 185 1999 259; baseline 0.001 -30"><span class='ocrx_word' id='word_1_1' title='bbox 537 192 658 259; x_wconf 72' lang='lat'>158</span> <span class='ocrx_word' id='word_1_2' title='bbox 1515 185 1627 239; x_wconf 66' lang='lat'><strong>0⁸1³.</strong></span> <span class='ocrx_word' id='word_1_3' title='bbox 1653 186 1731 229; x_wconf 78' lang='lat'>11.</span> <span class='ocrx_word' id='word_1_4' title='bbox 1757 197 1803 231; x_wconf 77' lang='lat' dir='ltr'>v.</span> <span class='ocrx_word' id='word_1_5' title='bbox 1830 188 1999 230; x_wconf 69' lang='lat'><strong>22-00.</strong></span> 
     </span>
    </p>
   </div>
   <div class='ocr_carea' id='block_1_2' title="bbox 439 372 2976 2801">
    <p class='ocr_par' dir='ltr' id='par_1_2' title="bbox 439 372 2976 2801">
     <span class='ocr_line' id='line_1_2' title="bbox 745 372 2970 459; baseline -0.002 -18"><span class='ocrx_word' id='word_1_6' title='bbox 745 375 820 441; x_wconf 91' lang='lat' dir='ltr'>V.</span> <span class='ocrx_word' id='word_1_7' title='bbox 869 376 970 443; x_wconf 84' lang='lat'>29.</span> <span class='ocrx_word' id='word_1_8' title='bbox 1019 373 1146 454; x_wconf 82' lang='lat' dir='ltr'>„Et</span> <span class='ocrx_word' id='word_1_9' title='bbox 1200 374 1355 437; x_wconf 60' lang='lat' dir='ltr'>deut</span> <span class='ocrx_word' id='word_1_10' title='bbox 1401 372 1733 459; x_wconf 73' lang='lat' dir='ltr'>praeda‘oeit</span> <span class='ocrx_word' id='word_1_11' title='bbox 1788 373 2042 439; x_wconf 71' lang='lat' dir='ltr'>Jesaias</span> <span class='ocrx_word' id='word_1_12' title='bbox 2058 397 2078 438; x_wconf 90' lang='grc'>.·</span> <span class='ocrx_word' id='word_1_13' title='bbox 2138 374 2291 439; x_wconf 69' lang='lat' dir='ltr'>Nisi</span> <span class='ocrx_word' id='word_1_14' title='bbox 2330 374 2636 439; x_wconf 69' lang='lat' dir='ltr'>Dominus</span> <span class='ocrx_word' id='word_1_15' title='bbox 2705 372 2970 441; x_wconf 75' lang='lat' dir='ltr'><strong><em>Sabaoth</em></strong></span> 
     </span>
     <span class='ocr_line' id='line_1_3' title="bbox 537 474 2973 565; baseline -0.001 -23"><span class='ocrx_word' id='word_1_16' title='bbox 537 477 884 565; x_wconf 72' lang='lat' dir='ltr'>reliquisset</span> <span class='ocrx_word' id='word_1_17' title='bbox 923 474 1096 541; x_wconf 77' lang='lat' dir='ltr'>nobis</span> <span class='ocrx_word' id='word_1_18' title='bbox 1157 495 1373 553; x_wconf 79' lang='lat' dir='ltr'>semen,</span> <span class='ocrx_word' id='word_1_19' title='bbox 1431 475 1584 539; x_wconf 78' lang='lat' dir='ltr'>sieut</span> <span class='ocrx_word' id='word_1_20' title='bbox 1631 474 1901 539; x_wconf 80' lang='lat' dir='ltr'><strong><em>Sodoma</em></strong></span> <span class='ocrx_word' id='word_1_21' title='bbox 1927 475 2105 562; x_wconf 64' lang='lat' dir='ltr'>faeti</span> <span class='ocrx_word' id='word_1_22' title='bbox 2159 496 2434 556; x_wconf 68' lang='lat' dir='ltr'>memus,</span> <span class='ocrx_word' id='word_1_23' title='bbox 2492 484 2549 540; x_wconf 80' lang='lat' dir='ltr'>et</span> <span class='ocrx_word' id='word_1_24' title='bbox 2598 474 2973 539; x_wconf 58' lang='lat' dir='ltr'>Gomon-rhua</span> 
     </span>
     <span class='ocr_line' id='line_1_4' title="bbox 536 574 2971 659; baseline -0.002 -15"><span class='ocrx_word' id='word_1_25' title='bbox 536 578 766 644; x_wconf 75' lang='lat' dir='ltr'>similes</span> <span class='ocrx_word' id='word_1_26' title='bbox 805 576 1039 642; x_wconf 75' lang='lat' dir='ltr'>redditi</span> <span class='ocrx_word' id='word_1_27' title='bbox 1080 580 1395 639; x_wconf 52' lang='lat' dir='ltr'>essemus!</span> <span class='ocrx_word' id='word_1_28' title='bbox 1462 575 1750 641; x_wconf 91' lang='lat' dir='ltr'>Alterum</span> <span class='ocrx_word' id='word_1_29' title='bbox 1795 577 1911 643; x_wconf 91' lang='grc'><strong>1100</strong></span> <span class='ocrx_word' id='word_1_30' title='bbox 1954 576 1998 643; x_wconf 83' lang='lat' dir='ltr'>J</span> <span class='ocrx_word' id='word_1_31' title='bbox 2012 578 2289 642; x_wconf 89' lang='lat' dir='ltr'>esaiae</span> <span class='ocrx_word' id='word_1_32' title='bbox 2330 576 2705 643; x_wconf 77' lang='lat' dir='ltr'>vaticinium</span> <span class='ocrx_word' id='word_1_33' title='bbox 2752 576 2847 659; x_wconf 84' lang='lat'>(1,</span> <span class='ocrx_word' id='word_1_34' title='bbox 2889 574 2971 658; x_wconf 83' lang='lat'>9.)</span> 
     </span>
     <span class='ocr_line' id='line_1_5' title="bbox 439 676 2973 766; baseline -0.002 -20"><span class='ocrx_word' id='word_1_35' title='bbox 439 687 447 695; x_wconf 84' lang='grc'><em>’</em></span> <span class='ocrx_word' id='word_1_36' title='bbox 536 682 715 766; x_wconf 88' lang='lat' dir='ltr'>juxta</span> <span class='ocrx_word' id='word_1_37' title='bbox 773 680 1120 745; x_wconf 77' lang='lat' dir='ltr'>versionem</span> <span class='ocrx_word' id='word_1_38' title='bbox 1182 676 1590 761; x_wconf 71' lang='lat' dir='ltr'>Septuaginta</span> <span class='ocrx_word' id='word_1_39' title='bbox 1609 726 1627 757; x_wconf 82' lang='lat'>,</span> <span class='ocrx_word' id='word_1_40' title='bbox 1689 696 1845 761; x_wconf 89' lang='lat' dir='ltr'>quae</span> <span class='ocrx_word' id='word_1_41' title='bbox 1903 678 2021 743; x_wconf 89' lang='lat' dir='ltr'>hoc</span> <span class='ocrx_word' id='word_1_42' title='bbox 2076 679 2209 743; x_wconf 88' lang='lat' dir='ltr'>loco</span> <span class='ocrx_word' id='word_1_43' title='bbox 2270 697 2413 744; x_wconf 88' lang='grc'><strong>011111</strong></span> <span class='ocrx_word' id='word_1_44' title='bbox 2474 682 2651 743; x_wconf 86' lang='lat' dir='ltr'>textu</span> <span class='ocrx_word' id='word_1_45' title='bbox 2712 677 2973 743; x_wconf 85' lang='lat' dir='ltr'>hebraeo</span> 
     </span>
     <span class='ocr_line' id='line_1_6' title="bbox 539 778 2975 863; baseline -0.004 -14"><span class='ocrx_word' id='word_1_46' title='bbox 539 783 667 849; x_wconf 85' lang='lat' dir='ltr'>fere</span> <span class='ocrx_word' id='word_1_47' title='bbox 712 782 1088 848; x_wconf 79' lang='lat' dir='ltr'>verbotenus</span> <span class='ocrx_word' id='word_1_48' title='bbox 1163 778 1470 863; x_wconf 83' lang='lat' dir='ltr'>congruit,</span> <span class='ocrx_word' id='word_1_49' title='bbox 1539 778 1716 845; x_wconf 85' lang='lat' dir='ltr'>affert</span> <span class='ocrx_word' id='word_1_50' title='bbox 1781 778 2011 845; x_wconf 80' lang='lat' dir='ltr'>iterum</span> <span class='ocrx_word' id='word_1_51' title='bbox 2070 780 2385 863; x_wconf 88' lang='lat' dir='ltr'>apostolus</span> <span class='ocrx_word' id='word_1_52' title='bbox 2448 780 2527 843; x_wconf 89' lang='lat' dir='ltr'>ad</span> <span class='ocrx_word' id='word_1_53' title='bbox 2586 778 2975 863; x_wconf 79' lang='lat' dir='ltr'>probandam</span> 
     </span>
     <span class='ocr_line' id='line_1_7' title="bbox 538 879 2975 966; baseline -0.003 -15"><span class='ocrx_word' id='word_1_54' title='bbox 538 885 583 951; x_wconf 84' lang='lat' dir='ltr'><strong>J</strong></span> <span class='ocrx_word' id='word_1_55' title='bbox 586 884 922 951; x_wconf 86' lang='lat' dir='ltr'>udaeorum</span> <span class='ocrx_word' id='word_1_56' title='bbox 945 882 1379 966; x_wconf 86' lang='lat' dir='ltr'>plerorumque</span> <span class='ocrx_word' id='word_1_57' title='bbox 1415 896 1451 943; x_wconf 90' lang='lat' dir='ltr'>a</span> <span class='ocrx_word' id='word_1_58' title='bbox 1484 880 1710 963; x_wconf 89' lang='lat' dir='ltr'>populo</span> <span class='ocrx_word' id='word_1_59' title='bbox 1735 880 1853 944; x_wconf 89' lang='lat' dir='ltr'>Dei</span> <span class='ocrx_word' id='word_1_60' title='bbox 1877 880 1955 944; x_wconf 87' lang='lat' dir='ltr'>N.</span> <span class='ocrx_word' id='word_1_61' title='bbox 1998 880 2069 945; x_wconf 87' lang='lat' dir='ltr'>T.</span> <span class='ocrx_word' id='word_1_62' title='bbox 2114 882 2177 945; x_wconf 90' lang='lat' dir='ltr'>et</span> <span class='ocrx_word' id='word_1_63' title='bbox 2220 898 2259 945; x_wconf 90' lang='lat' dir='ltr'>a</span> <span class='ocrx_word' id='word_1_64' title='bbox 2299 881 2479 946; x_wconf 87' lang='lat' dir='ltr'>bonis</span> <span class='ocrx_word' id='word_1_65' title='bbox 2525 880 2586 944; x_wconf 86' lang='lat' dir='ltr'>ei</span> <span class='ocrx_word' id='word_1_66' title='bbox 2627 879 2975 965; x_wconf 82' lang='lat' dir='ltr'>promissis,</span> 
     </span>
     <span class='ocr_line' id='line_1_8' title="bbox 537 980 2976 1065; baseline -0.004 -13"><span class='ocrx_word' id='word_1_67' title='bbox 537 984 982 1051; x_wconf 84' lang='lat' dir='ltr'>exclusion</span> <span class='ocrx_word' id='word_1_68' title='bbox 1003 1001 1136 1047; x_wconf 91' lang='lat' dir='ltr'>em.</span> <span class='ocrx_word' id='word_1_69' title='bbox 1229 981 1545 1064; x_wconf 82' lang='lat' dir='ltr'>Propheta</span> <span class='ocrx_word' id='word_1_70' title='bbox 1603 981 1847 1064; x_wconf 83' lang='lat' dir='ltr'>proprie</span> <span class='ocrx_word' id='word_1_71' title='bbox 1907 982 2180 1065; x_wconf 89' lang='lat' dir='ltr'>loquitur</span> <span class='ocrx_word' id='word_1_72' title='bbox 2238 981 2327 1046; x_wconf 86' lang='lat' dir='ltr'>ibi</span> <span class='ocrx_word' id='word_1_73' title='bbox 2386 982 2463 1046; x_wconf 91' lang='lat' dir='ltr'>de</span> <span class='ocrx_word' id='word_1_74' title='bbox 2506 982 2754 1065; x_wconf 81' lang='lat' dir='ltr'>ingenti</span> <span class='ocrx_word' id='word_1_75' title='bbox 2806 980 2976 1046; x_wconf 89' lang='lat' dir='ltr'>clade</span> 
     </span>
     <span class='ocr_line' id='line_1_9' title="bbox 539 1081 2973 1167; baseline -0.004 -12"><span class='ocrx_word' id='word_1_76' title='bbox 539 1087 922 1155; x_wconf 63' lang='lat' dir='ltr'>«ludaeorum</span> <span class='ocrx_word' id='word_1_77' title='bbox 944 1087 1144 1150; x_wconf 86' lang='lat' dir='ltr'>terrae</span> <span class='ocrx_word' id='word_1_78' title='bbox 1169 1081 1502 1167; x_wconf 87' lang='lat' dir='ltr'>perunitos</span> <span class='ocrx_word' id='word_1_79' title='bbox 1527 1100 1707 1165; x_wconf 89' lang='lat' dir='ltr'>reges</span> <span class='ocrx_word' id='word_1_80' title='bbox 1754 1081 2037 1166; x_wconf 85' lang='lat' dir='ltr'>Syriae</span> <span class='ocrx_word' id='word_1_81' title='bbox 2082 1088 2145 1148; x_wconf 91' lang='lat' dir='ltr'>et</span> <span class='ocrx_word' id='word_1_82' title='bbox 2187 1082 2801 1149; x_wconf 72' lang='lat' dir='ltr'>Israelitarum</span> <span class='ocrx_word' id='word_1_83' title='bbox 2844 1082 2973 1165; x_wconf 87' lang='lat' dir='ltr'>jam</span> 
     </span>
     <span class='ocr_line' id='line_1_10' title="bbox 535 1182 2975 1270; baseline -0.004 -16"><span class='ocrx_word' id='word_1_84' title='bbox 535 1190 732 1267; x_wconf 84' lang='lat' dir='ltr'>illata,</span> <span class='ocrx_word' id='word_1_85' title='bbox 771 1182 817 1253; x_wconf 80' lang='lat' dir='ltr'>&#39;a</span> <span class='ocrx_word' id='word_1_86' title='bbox 860 1204 982 1270; x_wconf 88' lang='lat' dir='ltr'>qua</span> <span class='ocrx_word' id='word_1_87' title='bbox 1024 1183 1267 1252; x_wconf 89' lang='lat' dir='ltr'>nonnisi</span> <span class='ocrx_word' id='word_1_88' title='bbox 1311 1183 1673 1267; x_wconf 87' lang='lat' dir='ltr'>paucissimi</span> <span class='ocrx_word' id='word_1_89' title='bbox 1732 1184 1907 1249; x_wconf 87' lang='lat' dir='ltr'>erant</span> <span class='ocrx_word' id='word_1_90' title='bbox 1965 1184 2365 1268; x_wconf 58' lang='lat' dir='ltr'>superstitem</span> <span class='ocrx_word' id='word_1_91' title='bbox 2410 1184 2479 1249; x_wconf 90' lang='lat' dir='ltr'>hi</span> <span class='ocrx_word' id='word_1_92' title='bbox 2510 1203 2652 1250; x_wconf 89' lang='lat' dir='ltr'>vero</span> <span class='ocrx_word' id='word_1_93' title='bbox 2688 1204 2741 1249; x_wconf 82' lang='lat' dir='ltr'>s,</span> <span class='ocrx_word' id='word_1_94' title='bbox 2784 1183 2975 1248; x_wconf 90' lang='lat' dir='ltr'>Paulo</span> 
     </span>
     <span class='ocr_line' id='line_1_11' title="bbox 535 1284 2975 1372; baseline -0.003 -16"><span class='ocrx_word' id='word_1_95' title='bbox 535 1292 682 1356; x_wconf 87' lang='lat' dir='ltr'>sunt</span> <span class='ocrx_word' id='word_1_96' title='bbox 725 1289 972 1372; x_wconf 79' lang='lat' dir='ltr'>typus</span> <span class='ocrx_word' id='word_1_97' title='bbox 1015 1303 1358 1371; x_wconf 81' lang='lat' dir='ltr'>paucorum</span> <span class='ocrx_word' id='word_1_98' title='bbox 1400 1285 1652 1349; x_wconf 89' lang='lat' dir='ltr'>illorum</span> <span class='ocrx_word' id='word_1_99' title='bbox 1696 1284 1739 1351; x_wconf 84' lang='lat' dir='ltr'><strong>J</strong></span> <span class='ocrx_word' id='word_1_100' title='bbox 1745 1284 2099 1364; x_wconf 84' lang='lat' dir='ltr'>udaeorum‚</span> <span class='ocrx_word' id='word_1_101' title='bbox 2162 1287 2289 1368; x_wconf 85' lang='lat' dir='ltr'>qui,</span> <span class='ocrx_word' id='word_1_102' title='bbox 2334 1286 2594 1370; x_wconf 83' lang='lat' dir='ltr'>reliquis</span> <span class='ocrx_word' id='word_1_103' title='bbox 2640 1284 2723 1350; x_wconf 89' lang='lat' dir='ltr'>ob</span> <span class='ocrx_word' id='word_1_104' title='bbox 2778 1286 2975 1350; x_wconf 87' lang='lat' dir='ltr'>incre-</span> 
     </span>
     <span class='ocr_line' id='line_1_12' title="bbox 536 1385 2974 1471; baseline -0.003 -14"><span class='ocrx_word' id='word_1_105' title='bbox 536 1391 863 1457; x_wconf 87' lang='lat' dir='ltr'>dulitatem</span> <span class='ocrx_word' id='word_1_106' title='bbox 911 1385 1194 1464; x_wconf 55' lang='lat' dir='ltr'>exclusis</span> <span class='ocrx_word' id='word_1_107' title='bbox 1240 1386 1318 1450; x_wconf 87' lang='lat' dir='ltr'>ob</span> <span class='ocrx_word' id='word_1_108' title='bbox 1355 1403 1534 1451; x_wconf 89' lang='lat' dir='ltr'>suam</span> <span class='ocrx_word' id='word_1_109' title='bbox 1583 1385 1773 1451; x_wconf 88' lang='lat' dir='ltr'>fidem</span> <span class='ocrx_word' id='word_1_110' title='bbox 1817 1386 2249 1471; x_wconf 80' lang='lat' dir='ltr'>participaturi</span> <span class='ocrx_word' id='word_1_111' title='bbox 2286 1390 2497 1453; x_wconf 83' lang='lat' dir='ltr'>essent</span> <span class='ocrx_word' id='word_1_112' title='bbox 2532 1386 2705 1452; x_wconf 86' lang='lat' dir='ltr'>bona</span> <span class='ocrx_word' id='word_1_113' title='bbox 2747 1386 2974 1471; x_wconf 91' lang='lat' dir='ltr'>populo</span> 
     </span>
     <span class='ocr_line' id='line_1_13' title="bbox 543 1486 2973 1573; baseline -0.004 -14"><span class='ocrx_word' id='word_1_114' title='bbox 543 1494 662 1559; x_wconf 92' lang='lat' dir='ltr'>Dei</span> <span class='ocrx_word' id='word_1_115' title='bbox 705 1490 782 1556; x_wconf 81' lang='lat' dir='ltr'>N.</span> <span class='ocrx_word' id='word_1_116' title='bbox 831 1491 902 1555; x_wconf 91' lang='grc' dir='ltr'>Τ.</span> <span class='ocrx_word' id='word_1_117' title='bbox 953 1489 1270 1573; x_wconf 90' lang='lat' dir='ltr'>promissa.</span> <span class='ocrx_word' id='word_1_118' title='bbox 1359 1488 1480 1553; x_wconf 90' lang='lat' dir='ltr'>Illa</span> <span class='ocrx_word' id='word_1_119' title='bbox 1523 1491 1799 1553; x_wconf 88' lang='lat' dir='ltr'>terrae</span> <span class='ocrx_word' id='word_1_120' title='bbox 1844 1488 2226 1555; x_wconf 80' lang='lat' dir='ltr'>Judaeorum</span> <span class='ocrx_word' id='word_1_121' title='bbox 2275 1489 2625 1554; x_wconf 84' lang='lat' dir='ltr'>devastatio</span> <span class='ocrx_word' id='word_1_122' title='bbox 2671 1486 2973 1573; x_wconf 86' lang='lat' dir='ltr'>(externa)</span> 
     </span>
     <span class='ocr_line' id='line_1_14' title="bbox 539 1587 2972 1674; baseline -0.003 -15"><span class='ocrx_word' id='word_1_123' title='bbox 539 1594 672 1659; x_wconf 90' lang='lat' dir='ltr'>erat</span> <span class='ocrx_word' id='word_1_124' title='bbox 715 1590 1104 1658; x_wconf 84' lang='lat' dir='ltr'>solummodo</span> <span class='ocrx_word' id='word_1_125' title='bbox 1167 1594 1406 1674; x_wconf 82' lang='lat' dir='ltr'>typus</span> <span class='ocrx_word' id='word_1_126' title='bbox 1465 1589 1967 1673; x_wconf 86' lang='lat' dir='ltr'>spiritualis</span> <span class='ocrx_word' id='word_1_127' title='bbox 2027 1590 2471 1656; x_wconf 81' lang='lat' dir='ltr'>devastationis</span> <span class='ocrx_word' id='word_1_128' title='bbox 2523 1590 2813 1674; x_wconf 89' lang='lat' dir='ltr'>populi</span> <span class='ocrx_word' id='word_1_129' title='bbox 2858 1587 2972 1654; x_wconf 84' lang='lat' dir='ltr'>Ju-</span> 
     </span>
     <span class='ocr_line' id='line_1_15' title="bbox 544 1690 2971 1775; baseline -0.002 -15"><span class='ocrx_word' id='word_1_130' title='bbox 544 1694 721 1760; x_wconf 86' lang='lat' dir='ltr'>daici.</span> <span class='ocrx_word' id='word_1_131' title='bbox 768 1728 851 1755; x_wconf 46' lang='grc' dir='ltr'>-τ-</span> <span class='ocrx_word' id='word_1_132' title='bbox 894 1693 1146 1774; x_wconf 76' lang='grc' dir='ltr'><strong>σπέρμα,</strong></span> <span class='ocrx_word' id='word_1_133' title='bbox 1193 1710 1424 1767; x_wconf 90' lang='lat' dir='ltr'>semen,</span> <span class='ocrx_word' id='word_1_134' title='bbox 1487 1690 1614 1754; x_wconf 87' lang='lat' dir='ltr'>scil.</span> <span class='ocrx_word' id='word_1_135' title='bbox 1664 1709 1702 1755; x_wconf 93' lang='lat' dir='ltr'>v</span> <span class='ocrx_word' id='word_1_136' title='bbox 1722 1709 1754 1753; x_wconf 93' lang='lat' dir='ltr'>e</span> <span class='ocrx_word' id='word_1_137' title='bbox 1772 1691 1838 1754; x_wconf 92' lang='lat' dir='ltr'>ri</span> <span class='ocrx_word' id='word_1_138' title='bbox 1895 1691 2147 1756; x_wconf 72' lang='lat' dir='ltr'>Israelis</span> <span class='ocrx_word' id='word_1_139' title='bbox 2206 1692 2285 1756; x_wconf 89' lang='lat' dir='ltr'>ad</span> <span class='ocrx_word' id='word_1_140' title='bbox 2342 1690 2709 1755; x_wconf 87' lang='lat' dir='ltr'>ulteriorem-</span> <span class='ocrx_word' id='word_1_141' title='bbox 2750 1707 2971 1775; x_wconf 84' lang='lat' dir='ltr'>propa-</span> 
     </span>
     <span class='ocr_line' id='line_1_16' title="bbox 536 1792 2969 1879; baseline -0.002 -19"><span class='ocrx_word' id='word_1_142' title='bbox 536 1794 890 1879; x_wconf 81' lang='lat' dir='ltr'>gationem3</span> <span class='ocrx_word' id='word_1_143' title='bbox 937 1812 1153 1858; x_wconf 90' lang='lat' dir='ltr'>semen</span> <span class='ocrx_word' id='word_1_144' title='bbox 1210 1792 1328 1857; x_wconf 90' lang='lat' dir='ltr'>hoc</span> <span class='ocrx_word' id='word_1_145' title='bbox 1387 1795 1703 1856; x_wconf 89' lang='lat' dir='ltr'>servatum</span> <span class='ocrx_word' id='word_1_146' title='bbox 1767 1795 1899 1857; x_wconf 90' lang='lat' dir='ltr'>erat</span> <span class='ocrx_word' id='word_1_147' title='bbox 1954 1792 2018 1857; x_wconf 91' lang='lat' dir='ltr'>in</span> <span class='ocrx_word' id='word_1_148' title='bbox 2080 1792 2499 1875; x_wconf 88' lang='lat' dir='ltr'>apostolis</span> <span class='ocrx_word' id='word_1_149' title='bbox 2560 1795 2625 1855; x_wconf 91' lang='lat' dir='ltr'>et</span> <span class='ocrx_word' id='word_1_150' title='bbox 2680 1792 2969 1875; x_wconf 89' lang='lat' dir='ltr'>primis</span> 
     </span>
     <span class='ocr_line' id='line_1_17' title="bbox 538 1891 2969 1978; baseline -0.002 -17"><span class='ocrx_word' id='word_1_151' title='bbox 538 1895 772 1961; x_wconf 86' lang='lat' dir='ltr'>Christi</span> <span class='ocrx_word' id='word_1_152' title='bbox 827 1894 1185 1977; x_wconf 77' lang='lat' dir='ltr'>discipuIiS‚</span> <span class='ocrx_word' id='word_1_153' title='bbox 1255 1892 1361 1975; x_wconf 90' lang='lat' dir='ltr'>qui</span> <span class='ocrx_word' id='word_1_154' title='bbox 1419 1896 1492 1957; x_wconf 88' lang='lat' dir='ltr'>ut</span> <span class='ocrx_word' id='word_1_155' title='bbox 1549 1891 1776 1958; x_wconf 79' lang='lat' dir='ltr'>Judaei</span> <span class='ocrx_word' id='word_1_156' title='bbox 1835 1892 2024 1959; x_wconf 87' lang='lat' dir='ltr'>fidem</span> <span class='ocrx_word' id='word_1_157' title='bbox 2086 1892 2319 1959; x_wconf 84' lang='lat' dir='ltr'>Christi</span> <span class='ocrx_word' id='word_1_158' title='bbox 2381 1898 2817 1978; x_wconf 89' lang='lat' dir='ltr'>susceperunt.</span> <span class='ocrx_word' id='word_1_159' title='bbox 2910 1892 2969 1957; x_wconf 89' lang='lat' dir='ltr'>Si</span> 
     </span>
     <span class='ocr_line' id='line_1_18' title="bbox 537 1992 2965 2078; baseline -0.003 -15"><span class='ocrx_word' id='word_1_160' title='bbox 537 2018 576 2063; x_wconf 89' lang='lat' dir='ltr'>n</span> <span class='ocrx_word' id='word_1_161' title='bbox 598 2016 713 2062; x_wconf 92' lang='lat' dir='ltr'>em</span> <span class='ocrx_word' id='word_1_162' title='bbox 735 2014 770 2061; x_wconf 94' lang='lat' dir='ltr'>o</span> <span class='ocrx_word' id='word_1_163' title='bbox 814 1995 1197 2063; x_wconf 83' lang='lat' dir='ltr'>Judaeorum</span> <span class='ocrx_word' id='word_1_164' title='bbox 1243 2012 1351 2077; x_wconf 91' lang='lat' dir='ltr'>per</span> <span class='ocrx_word' id='word_1_165' title='bbox 1393 1992 1582 2057; x_wconf 87' lang='lat' dir='ltr'>fidem</span> <span class='ocrx_word' id='word_1_166' title='bbox 1634 1992 1881 2059; x_wconf 89' lang='lat' dir='ltr'>Christo</span> <span class='ocrx_word' id='word_1_167' title='bbox 1926 2014 1991 2058; x_wconf 89' lang='lat' dir='ltr'>se</span> <span class='ocrx_word' id='word_1_168' title='bbox 2035 1994 2436 2078; x_wconf 84' lang='lat' dir='ltr'>adjunxisset,</span> <span class='ocrx_word' id='word_1_169' title='bbox 2502 1995 2723 2077; x_wconf 88' lang='lat' dir='ltr'>utique</span> <span class='ocrx_word' id='word_1_170' title='bbox 2766 1993 2965 2061; x_wconf 88' lang='lat' dir='ltr'>omnis</span> 
     </span>
     <span class='ocr_line' id='line_1_19' title="bbox 539 2094 2965 2181; baseline -0.002 -17"><span class='ocrx_word' id='word_1_171' title='bbox 539 2099 735 2164; x_wconf 75' lang='lat' dir='ltr'>Israel</span> <span class='ocrx_word' id='word_1_172' title='bbox 781 2098 1032 2181; x_wconf 90' lang='lat' dir='ltr'>penitus</span> <span class='ocrx_word' id='word_1_173' title='bbox 1077 2095 1379 2179; x_wconf 84' lang='lat' dir='ltr'>periisset,</span> <span class='ocrx_word' id='word_1_174' title='bbox 1427 2097 1490 2158; x_wconf 90' lang='lat' dir='ltr'>et</span> <span class='ocrx_word' id='word_1_175' title='bbox 1533 2095 1867 2177; x_wconf 86' lang='lat' dir='ltr'>promissio</span> <span class='ocrx_word' id='word_1_176' title='bbox 1914 2096 2033 2160; x_wconf 91' lang='lat' dir='ltr'>Dei</span> <span class='ocrx_word' id='word_1_177' title='bbox 2091 2096 2265 2161; x_wconf 87' lang='lat' dir='ltr'>irrita</span> <span class='ocrx_word' id='word_1_178' title='bbox 2308 2094 2473 2161; x_wconf 84' lang='lat' dir='ltr'>facta</span> <span class='ocrx_word' id='word_1_179' title='bbox 2512 2096 2758 2161; x_wconf 86' lang='lat' dir='ltr'>fuisset.</span> <span class='ocrx_word' id='word_1_180' title='bbox 2852 2095 2965 2160; x_wconf 89' lang='lat' dir='ltr'>Ast</span> 
     </span>
     <span class='ocr_line' id='line_1_20' title="bbox 531 2195 2965 2282; baseline -0.002 -18"><span class='ocrx_word' id='word_1_181' title='bbox 531 2200 599 2263; x_wconf 90' lang='lat' dir='ltr'>in</span> <span class='ocrx_word' id='word_1_182' title='bbox 655 2198 954 2282; x_wconf 88' lang='lat' dir='ltr'>apostolis</span> <span class='ocrx_word' id='word_1_183' title='bbox 1001 2201 1064 2262; x_wconf 89' lang='lat' dir='ltr'>et</span> <span class='ocrx_word' id='word_1_184' title='bbox 1107 2196 1325 2281; x_wconf 90' lang='lat' dir='ltr'>primis</span> <span class='ocrx_word' id='word_1_185' title='bbox 1369 2195 1412 2262; x_wconf 83' lang='lat' dir='ltr'><strong>J</strong></span> <span class='ocrx_word' id='word_1_186' title='bbox 1416 2195 1999 2261; x_wconf 89' lang='lat' dir='ltr'>udaeo-christianis</span> <span class='ocrx_word' id='word_1_187' title='bbox 2062 2216 2275 2262; x_wconf 87' lang='lat' dir='ltr'>semen</span> <span class='ocrx_word' id='word_1_188' title='bbox 2336 2200 2657 2263; x_wconf 89' lang='lat' dir='ltr'>servatum</span> <span class='ocrx_word' id='word_1_189' title='bbox 2716 2201 2837 2275; x_wconf 83' lang='lat' dir='ltr'>est,</span> <span class='ocrx_word' id='word_1_190' title='bbox 2900 2214 2965 2260; x_wconf 91' lang='lat' dir='ltr'>ex</span> 
     </span>
     <span class='ocr_line' id='line_1_21' title="bbox 533 2295 2961 2382; baseline -0.001 -18"><span class='ocrx_word' id='word_1_191' title='bbox 533 2317 652 2382; x_wconf 88' lang='lat' dir='ltr'>quo</span> <span class='ocrx_word' id='word_1_192' title='bbox 696 2300 760 2364; x_wconf 90' lang='lat' dir='ltr'>in</span> <span class='ocrx_word' id='word_1_193' title='bbox 803 2298 924 2363; x_wconf 88' lang='lat' dir='ltr'>fine</span> <span class='ocrx_word' id='word_1_194' title='bbox 969 2296 1186 2362; x_wconf 90' lang='lat' dir='ltr'>mundi</span> <span class='ocrx_word' id='word_1_195' title='bbox 1231 2314 1412 2361; x_wconf 90' lang='lat' dir='ltr'>verus</span> <span class='ocrx_word' id='word_1_196' title='bbox 1456 2295 1672 2373; x_wconf 73' lang='lat' dir='ltr'>Israel,</span> <span class='ocrx_word' id='word_1_197' title='bbox 1719 2298 1916 2362; x_wconf 73' lang='lat' dir='ltr'>Israel</span> <span class='ocrx_word' id='word_1_198' title='bbox 1960 2296 2109 2360; x_wconf 79' lang='grc' dir='ltr'><em>κατοὶ</em></span> <span class='ocrx_word' id='word_1_199' title='bbox 2173 2305 2405 2379; x_wconf 61' lang='grc' dir='ltr'><em>πνεῦμα</em></span> <span class='ocrx_word' id='word_1_200' title='bbox 2464 2301 2792 2363; x_wconf 84' lang='lat' dir='ltr'>enaseetnr</span> <span class='ocrx_word' id='word_1_201' title='bbox 2850 2296 2961 2380; x_wconf 78' lang='lat' dir='ltr'>(Cf.</span> 
     </span>
     <span class='ocr_line' id='line_1_22' title="bbox 536 2394 2959 2482; baseline 0.001 -19"><span class='ocrx_word' id='word_1_202' title='bbox 536 2400 635 2477; x_wconf 90' lang='lat'>11,</span> <span class='ocrx_word' id='word_1_203' title='bbox 685 2400 780 2463; x_wconf 89' lang='grc'>16.</span> <span class='ocrx_word' id='word_1_204' title='bbox 831 2398 1006 2482; x_wconf 67' lang='lat' dir='ltr'>seq).</span> <span class='ocrx_word' id='word_1_205' title='bbox 1053 2434 1138 2444; x_wconf 91' lang='lat'>—</span> <span class='ocrx_word' id='word_1_206' title='bbox 1179 2394 1384 2478; x_wconf 69' lang='grc' dir='ltr'><strong><em>κύριος</em></strong></span> <span class='ocrx_word' id='word_1_207' title='bbox 1425 2396 1715 2479; x_wconf 76' lang='grc' dir='ltr'><strong>σαβαοὸθ,</strong></span> <span class='ocrx_word' id='word_1_208' title='bbox 1776 2398 1813 2463; x_wconf 91' lang='lat' dir='ltr'>i.</span> <span class='ocrx_word' id='word_1_209' title='bbox 1863 2417 1913 2463; x_wconf 85' lang='lat' dir='ltr'>e.</span> <span class='ocrx_word' id='word_1_210' title='bbox 1964 2400 2355 2465; x_wconf 88' lang='lat' dir='ltr'>Dominus</span> <span class='ocrx_word' id='word_1_211' title='bbox 2416 2400 2959 2474; x_wconf 67' lang='lat' dir='ltr'>exercituum</span> 
     </span>
     <span class='ocr_line' id='line_1_23' title="bbox 535 2498 2961 2581; baseline 0 -18"><span class='ocrx_word' id='word_1_212' title='bbox 535 2518 684 2563; x_wconf 88' lang='lat' dir='ltr'>nam</span> <span class='ocrx_word' id='word_1_213' title='bbox 727 2498 1002 2581; x_wconf 59' lang='grc' dir='ltr'><em>σαβαοὸθ</em></span> <span class='ocrx_word' id='word_1_214' title='bbox 1063 2501 1158 2563; x_wconf 92' lang='lat' dir='ltr'>est</span> <span class='ocrx_word' id='word_1_215' title='bbox 1213 2516 1328 2565; x_wconf 91' lang='lat' dir='ltr'>vox</span> <span class='ocrx_word' id='word_1_216' title='bbox 1386 2498 1677 2564; x_wconf 85' lang='lat' dir='ltr'>hebraica</span> <span class='ocrx_word' id='word_1_217' title='bbox 1735 2502 1797 2563; x_wconf 89' lang='lat' dir='ltr'>et</span> <span class='ocrx_word' id='word_1_218' title='bbox 1855 2499 2110 2566; x_wconf 87' lang='lat' dir='ltr'>denotat</span> <span class='ocrx_word' id='word_1_219' title='bbox 2167 2520 2303 2566; x_wconf 86' lang='lat' dir='ltr'>exe</span> <span class='ocrx_word' id='word_1_220' title='bbox 2324 2501 2544 2566; x_wconf 78' lang='lat' dir='ltr'>rcitu</span> <span class='ocrx_word' id='word_1_221' title='bbox 2564 2521 2609 2566; x_wconf 77' lang='lat' dir='ltr'>s,</span> <span class='ocrx_word' id='word_1_222' title='bbox 2702 2500 2961 2567; x_wconf 86' lang='lat' dir='ltr'>Nomine</span> 
     </span>
     <span class='ocr_line' id='line_1_24' title="bbox 535 2600 2957 2687; baseline 0.001 -23"><span class='ocrx_word' id='word_1_223' title='bbox 535 2600 1052 2666; x_wconf 79' lang='lat' dir='ltr'>exercituum</span> <span class='ocrx_word' id='word_1_224' title='bbox 1097 2603 1307 2664; x_wconf 88' lang='lat' dir='ltr'>autem</span> <span class='ocrx_word' id='word_1_225' title='bbox 1353 2604 1596 2683; x_wconf 89' lang='lat' dir='ltr'>praeter</span> <span class='ocrx_word' id='word_1_226' title='bbox 1641 2604 1877 2666; x_wconf 89' lang='lat' dir='ltr'>astra</span> <span class='ocrx_word' id='word_1_227' title='bbox 1918 2602 2189 2686; x_wconf 88' lang='lat' dir='ltr'>intelligi</span> <span class='ocrx_word' id='word_1_228' title='bbox 2233 2603 2465 2669; x_wconf 85' lang='lat' dir='ltr'>debent</span> <span class='ocrx_word' id='word_1_229' title='bbox 2508 2604 2797 2687; x_wconf 90' lang='lat' dir='ltr'>copiae</span> <span class='ocrx_word' id='word_1_230' title='bbox 2840 2621 2957 2667; x_wconf 87' lang='lat' dir='ltr'>an-</span> 
     </span>
     <span class='ocr_line' id='line_1_25' title="bbox 533 2699 2958 2801; baseline 0.001 -36"><span class='ocrx_word' id='word_1_231' title='bbox 533 2702 937 2785; x_wconf 84' lang='lat' dir='ltr'>gelorum,</span> <span class='ocrx_word' id='word_1_232' title='bbox 1005 2699 1111 2782; x_wconf 90' lang='lat' dir='ltr'>qui</span> <span class='ocrx_word' id='word_1_233' title='bbox 1165 2700 1464 2783; x_wconf 89' lang='lat' dir='ltr'>tanquam</span> <span class='ocrx_word' id='word_1_234' title='bbox 1525 2702 1829 2766; x_wconf 88' lang='lat' dir='ltr'>exercitus</span> <span class='ocrx_word' id='word_1_235' title='bbox 1895 2702 2011 2801; x_wconf 80' lang='lat' dir='ltr'>Dei</span> <span class='ocrx_word' id='word_1_236' title='bbox 2068 2703 2253 2788; x_wconf 88' lang='lat' dir='ltr'>regis,</span> <span class='ocrx_word' id='word_1_237' title='bbox 2321 2704 2617 2769; x_wconf 82' lang='lat' dir='ltr'>thronum</span> <span class='ocrx_word' id='word_1_238' title='bbox 2670 2704 2805 2789; x_wconf 88' lang='lat' dir='ltr'>ejus</span> <span class='ocrx_word' id='word_1_239' title='bbox 2850 2704 2958 2768; x_wconf 87' lang='lat' dir='ltr'>cir-</span> 
     </span>
    </p>
   </div>
   <div class='ocr_carea' id='block_1_3' title="bbox 401 2800 2957 2889">
    <p class='ocr_par' dir='ltr' id='par_1_3' title="bbox 401 2800 2957 2889">
     <span class='ocr_line' id='line_1_26' title="bbox 401 2800 2957 2889; baseline 0.002 -24"><span class='ocrx_word' id='word_1_240' title='bbox 401 2861 405 2865; x_wconf 85' lang='lat'>.</span> <span class='ocrx_word' id='word_1_241' title='bbox 535 2801 834 2866; x_wconf 84' lang='lat' dir='ltr'>cumdant</span> <span class='ocrx_word' id='word_1_242' title='bbox 899 2800 962 2865; x_wconf 89' lang='lat' dir='ltr'>et</span> <span class='ocrx_word' id='word_1_243' title='bbox 1027 2801 1458 2883; x_wconf 87' lang='lat' dir='ltr'>potentissime</span> <span class='ocrx_word' id='word_1_244' title='bbox 1523 2819 1631 2884; x_wconf 87' lang='lat' dir='ltr'>pro</span> <span class='ocrx_word' id='word_1_245' title='bbox 1699 2802 1832 2867; x_wconf 89' lang='lat' dir='ltr'>Deo</span> <span class='ocrx_word' id='word_1_246' title='bbox 1914 2807 2128 2869; x_wconf 87' lang='lat' dir='ltr'>contra</span> <span class='ocrx_word' id='word_1_247' title='bbox 2208 2806 2544 2871; x_wconf 88' lang='lat' dir='ltr'>daemones</span> <span class='ocrx_word' id='word_1_248' title='bbox 2612 2807 2680 2871; x_wconf 90' lang='lat' dir='ltr'>et</span> <span class='ocrx_word' id='word_1_249' title='bbox 2742 2805 2957 2889; x_wconf 87' lang='lat' dir='ltr'>impios</span> 
     </span>
    </p>
   </div>
   <div class='ocr_carea' id='block_1_4' title="bbox 438 2901 2959 4523">
    <p class='ocr_par' dir='ltr' id='par_1_4' title="bbox 537 2901 2957 3088">
     <span class='ocr_line' id='line_1_27' title="bbox 539 2901 2957 2990; baseline 0 -23"><span class='ocrx_word' id='word_1_250' title='bbox 539 2904 838 2987; x_wconf 88' lang='lat' dir='ltr'>pugnant.</span> <span class='ocrx_word' id='word_1_251' title='bbox 927 2901 1224 2967; x_wconf 80' lang='lat' dir='ltr'>Formula</span> <span class='ocrx_word' id='word_1_252' title='bbox 1286 2902 1438 2967; x_wconf 88' lang='lat' dir='ltr'>haec</span> <span class='ocrx_word' id='word_1_253' title='bbox 1497 2901 1757 2967; x_wconf 88' lang='lat' dir='ltr'>inservit</span> <span class='ocrx_word' id='word_1_254' title='bbox 1822 2904 2260 2987; x_wconf 87' lang='lat' dir='ltr'>significationi</span> <span class='ocrx_word' id='word_1_255' title='bbox 2323 2907 2765 2990; x_wconf 89' lang='lat' dir='ltr'>potentiae</span> <span class='ocrx_word' id='word_1_256' title='bbox 2821 2905 2957 2971; x_wconf 89' lang='lat' dir='ltr'>Dei</span> 
     </span>
     <span class='ocr_line' id='line_1_28' title="bbox 537 3001 1845 3088; baseline 0 -21"><span class='ocrx_word' id='word_1_257' title='bbox 537 3001 656 3087; x_wconf 89' lang='lat' dir='ltr'>(Cf.</span> <span class='ocrx_word' id='word_1_258' title='bbox 703 3021 794 3086; x_wconf 78' lang='lat' dir='ltr'>pe.</span> <span class='ocrx_word' id='word_1_259' title='bbox 839 3003 945 3082; x_wconf 83' lang='lat'>24,</span> <span class='ocrx_word' id='word_1_260' title='bbox 995 3002 1090 3069; x_wconf 86' lang='lat'>10.</span> <span class='ocrx_word' id='word_1_261' title='bbox 1138 3001 1271 3067; x_wconf 86' lang='lat' dir='ltr'>Jes.</span> <span class='ocrx_word' id='word_1_262' title='bbox 1326 3004 1382 3081; x_wconf 83' lang='lat'>1,</span> <span class='ocrx_word' id='word_1_263' title='bbox 1425 3002 1550 3079; x_wconf 83' lang='lat'>24;</span> <span class='ocrx_word' id='word_1_264' title='bbox 1591 3003 1651 3081; x_wconf 85' lang='lat'>2,</span> <span class='ocrx_word' id='word_1_265' title='bbox 1701 3003 1845 3088; x_wconf 71' lang='lat'>12).</span> 
     </span>
    </p>

    <p class='ocr_par' dir='ltr' id='par_1_5' title="bbox 438 3099 2959 3691">
     <span class='ocr_line' id='line_1_29' title="bbox 523 3099 2955 3193; baseline 0.002 -25"><span class='ocrx_word' id='word_1_266' title='bbox 523 3099 527 3103; x_wconf 77' lang='grc'><strong>’</strong></span> <span class='ocrx_word' id='word_1_267' title='bbox 731 3103 916 3169; x_wconf 87' lang='lat' dir='ltr'>Nune</span> <span class='ocrx_word' id='word_1_268' title='bbox 975 3122 1016 3168; x_wconf 87' lang='lat' dir='ltr'>a</span> <span class='ocrx_word' id='word_1_269' title='bbox 1073 3121 1254 3167; x_wconf 88' lang='lat' dir='ltr'>versu</span> <span class='ocrx_word' id='word_1_270' title='bbox 1315 3104 1413 3168; x_wconf 85' lang='lat'>30.</span> <span class='ocrx_word' id='word_1_271' title='bbox 1479 3104 1703 3187; x_wconf 88' lang='lat' dir='ltr'>incipit</span> <span class='ocrx_word' id='word_1_272' title='bbox 1773 3124 1820 3169; x_wconf 79' lang='lat' dir='ltr'>s,</span> <span class='ocrx_word' id='word_1_273' title='bbox 1884 3107 2197 3187; x_wconf 88' lang='lat' dir='ltr'>apostolus</span> <span class='ocrx_word' id='word_1_274' title='bbox 2256 3126 2555 3193; x_wconf 82' lang='lat' dir='ltr'>exponere</span> <span class='ocrx_word' id='word_1_275' title='bbox 2614 3128 2955 3187; x_wconf 84' lang='lat' dir='ltr'>causam,</span> 
     </span>
     <span class='ocr_line' id='line_1_30' title="bbox 531 3203 2959 3293; baseline 0.003 -24"><span class='ocrx_word' id='word_1_276' title='bbox 531 3223 641 3269; x_wconf 86' lang='lat' dir='ltr'>cur</span> <span class='ocrx_word' id='word_1_277' title='bbox 685 3204 960 3288; x_wconf 85' lang='lat' dir='ltr'>plerique</span> <span class='ocrx_word' id='word_1_278' title='bbox 1003 3203 1384 3270; x_wconf 88' lang='lat' dir='ltr'>Judaeorum</span> <span class='ocrx_word' id='word_1_279' title='bbox 1439 3204 1518 3269; x_wconf 88' lang='lat' dir='ltr'>ab</span> <span class='ocrx_word' id='word_1_280' title='bbox 1577 3204 1901 3289; x_wconf 88' lang='lat' dir='ltr'>adoptione</span> <span class='ocrx_word' id='word_1_281' title='bbox 1960 3207 2025 3271; x_wconf 92' lang='lat' dir='ltr'>in</span> <span class='ocrx_word' id='word_1_282' title='bbox 2085 3209 2389 3293; x_wconf 90' lang='lat' dir='ltr'>populum</span> <span class='ocrx_word' id='word_1_283' title='bbox 2433 3209 2551 3275; x_wconf 90' lang='lat' dir='ltr'>Dei</span> <span class='ocrx_word' id='word_1_284' title='bbox 2594 3214 2659 3275; x_wconf 89' lang='lat' dir='ltr'>et</span> <span class='ocrx_word' id='word_1_285' title='bbox 2704 3230 2743 3276; x_wconf 91' lang='lat' dir='ltr'>a</span> <span class='ocrx_word' id='word_1_286' title='bbox 2785 3210 2959 3276; x_wconf 88' lang='lat' dir='ltr'>bonis</span> 
     </span>
     <span class='ocr_line' id='line_1_31' title="bbox 533 3304 2956 3396; baseline 0.003 -28"><span class='ocrx_word' id='word_1_287' title='bbox 533 3304 592 3368; x_wconf 91' lang='lat' dir='ltr'>ei</span> <span class='ocrx_word' id='word_1_288' title='bbox 636 3304 982 3387; x_wconf 76' lang='lat' dir='ltr'>promissiS‚</span> <span class='ocrx_word' id='word_1_289' title='bbox 1028 3305 1255 3377; x_wconf 84' lang='lat' dir='ltr'>exclusi</span> <span class='ocrx_word' id='word_1_290' title='bbox 1311 3305 1559 3384; x_wconf 88' lang='lat' dir='ltr'>fuerint,</span> <span class='ocrx_word' id='word_1_291' title='bbox 1622 3306 1891 3389; x_wconf 87' lang='lat' dir='ltr'>gentiles</span> <span class='ocrx_word' id='word_1_292' title='bbox 1937 3327 2077 3373; x_wconf 88' lang='lat' dir='ltr'>vero</span> <span class='ocrx_word' id='word_1_293' title='bbox 2134 3310 2302 3375; x_wconf 89' lang='lat' dir='ltr'>illius</span> <span class='ocrx_word' id='word_1_294' title='bbox 2362 3310 2647 3378; x_wconf 87' lang='lat' dir='ltr'>beneficii</span> <span class='ocrx_word' id='word_1_295' title='bbox 2707 3312 2956 3396; x_wconf 86' lang='lat' dir='ltr'>gratuiti</span> 
     </span>
     <span class='ocr_line' id='line_1_32' title="bbox 438 3403 2959 3496; baseline 0.005 -31"><span class='ocrx_word' id='word_1_296' title='bbox 438 3462 442 3465; x_wconf 84' lang='grc'><strong>,</strong></span> <span class='ocrx_word' id='word_1_297' title='bbox 531 3403 864 3487; x_wconf 87' lang='lat' dir='ltr'>participes</span> <span class='ocrx_word' id='word_1_298' title='bbox 909 3404 1094 3481; x_wconf 83' lang='lat' dir='ltr'>facti3</span> <span class='ocrx_word' id='word_1_299' title='bbox 1143 3406 1292 3471; x_wconf 89' lang='lat' dir='ltr'>dum</span> <span class='ocrx_word' id='word_1_300' title='bbox 1338 3406 1534 3485; x_wconf 89' lang='lat' dir='ltr'>docet,</span> <span class='ocrx_word' id='word_1_301' title='bbox 1580 3405 1624 3472; x_wconf 82' lang='lat' dir='ltr'><strong>J</strong></span> <span class='ocrx_word' id='word_1_302' title='bbox 1629 3407 1855 3471; x_wconf 87' lang='lat' dir='ltr'>udaeos</span> <span class='ocrx_word' id='word_1_303' title='bbox 1913 3408 2053 3475; x_wconf 89' lang='lat' dir='ltr'>ideo</span> <span class='ocrx_word' id='word_1_304' title='bbox 2096 3409 2295 3477; x_wconf 87' lang='lat' dir='ltr'>fuisse</span> <span class='ocrx_word' id='word_1_305' title='bbox 2340 3412 2644 3493; x_wconf 76' lang='lat' dir='ltr'>exclusoS‚</span> <span class='ocrx_word' id='word_1_306' title='bbox 2714 3414 2861 3496; x_wconf 84' lang='lat' dir='ltr'>quia</span> <span class='ocrx_word' id='word_1_307' title='bbox 2900 3413 2959 3477; x_wconf 88' lang='lat' dir='ltr'>in</span> 
     </span>
     <span class='ocr_line' id='line_1_33' title="bbox 533 3501 2957 3598; baseline 0.004 -30"><span class='ocrx_word' id='word_1_308' title='bbox 533 3501 854 3569; x_wconf 84' lang='lat' dir='ltr'>Christum</span> <span class='ocrx_word' id='word_1_309' title='bbox 899 3506 1237 3571; x_wconf 88' lang='lat' dir='ltr'>credere</span> <span class='ocrx_word' id='word_1_310' title='bbox 1282 3507 1607 3587; x_wconf 88' lang='lat' dir='ltr'>noluerint,</span> <span class='ocrx_word' id='word_1_311' title='bbox 1655 3510 1838 3591; x_wconf 88' lang='lat' dir='ltr'>atque</span> <span class='ocrx_word' id='word_1_312' title='bbox 1901 3509 2066 3575; x_wconf 88' lang='lat' dir='ltr'>idem</span> <span class='ocrx_word' id='word_1_313' title='bbox 2109 3512 2225 3577; x_wconf 90' lang='lat' dir='ltr'>hoc</span> <span class='ocrx_word' id='word_1_314' title='bbox 2280 3513 2494 3579; x_wconf 86' lang='lat' dir='ltr'>thema</span> <span class='ocrx_word' id='word_1_315' title='bbox 2562 3516 2697 3579; x_wconf 88' lang='lat' dir='ltr'>toto</span> <span class='ocrx_word' id='word_1_316' title='bbox 2764 3514 2957 3598; x_wconf 86' lang='lat' dir='ltr'>capite</span> 
     </span>
     <span class='ocr_line' id='line_1_34' title="bbox 531 3605 1511 3691; baseline 0.007 -23"><span class='ocrx_word' id='word_1_317' title='bbox 531 3606 815 3687; x_wconf 86' lang='lat' dir='ltr'>sequenti</span> <span class='ocrx_word' id='word_1_318' title='bbox 858 3605 1112 3671; x_wconf 84' lang='lat' dir='ltr'>uberius</span> <span class='ocrx_word' id='word_1_319' title='bbox 1155 3609 1511 3691; x_wconf 87' lang='lat' dir='ltr'>pertractat.</span> 
     </span>
    </p>

    <p class='ocr_par' dir='ltr' id='par_1_6' title="bbox 527 3705 2959 4523">
     <span class='ocr_line' id='line_1_35' title="bbox 738 3705 2959 3803; baseline 0.005 -32"><span class='ocrx_word' id='word_1_320' title='bbox 738 3706 815 3771; x_wconf 91' lang='lat' dir='ltr'>V.</span> <span class='ocrx_word' id='word_1_321' title='bbox 863 3707 966 3773; x_wconf 85' lang='lat'>30.</span> <span class='ocrx_word' id='word_1_322' title='bbox 1008 3705 1226 3785; x_wconf 73' lang='lat' dir='ltr'>„Quid</span> <span class='ocrx_word' id='word_1_323' title='bbox 1283 3730 1420 3795; x_wconf 71' lang='lat' dir='ltr'>erqo</span> <span class='ocrx_word' id='word_1_324' title='bbox 1481 3711 1793 3776; x_wconf 70' lang='lat' dir='ltr'>dicemus?</span> <span class='ocrx_word' id='word_1_325' title='bbox 1856 3710 2075 3779; x_wconf 71' lang='lat' dir='ltr'>Gentes</span> <span class='ocrx_word' id='word_1_326' title='bbox 2118 3715 2409 3803; x_wconf 77' lang='lat' dir='ltr'>justitiae</span> <span class='ocrx_word' id='word_1_327' title='bbox 2466 3737 2591 3781; x_wconf 80' lang='lat' dir='ltr'>non</span> <span class='ocrx_word' id='word_1_328' title='bbox 2642 3716 2959 3793; x_wconf 65' lang='lat' dir='ltr'>studeam,</span> 
     </span>
     <span class='ocr_line' id='line_1_36' title="bbox 530 3809 2957 3902; baseline 0.004 -32"><span class='ocrx_word' id='word_1_329' title='bbox 530 3816 837 3871; x_wconf 75' lang='lat' dir='ltr'>assecutae</span> <span class='ocrx_word' id='word_1_330' title='bbox 877 3817 1019 3871; x_wconf 79' lang='lat' dir='ltr'>sunt</span> <span class='ocrx_word' id='word_1_331' title='bbox 1041 3809 1376 3897; x_wconf 79' lang='lat' dir='ltr'>justitiam,</span> <span class='ocrx_word' id='word_1_332' title='bbox 1406 3815 1723 3902; x_wconf 75' lang='lat' dir='ltr'>justitiam</span> <span class='ocrx_word' id='word_1_333' title='bbox 1766 3823 1965 3877; x_wconf 80' lang='lat' dir='ltr'>autem</span> <span class='ocrx_word' id='word_1_334' title='bbox 2008 3836 2083 3879; x_wconf 79' lang='lat' dir='ltr'>eoe</span> <span class='ocrx_word' id='word_1_335' title='bbox 2110 3814 2247 3899; x_wconf 79' lang='lat' dir='ltr'>fide</span> <span class='ocrx_word' id='word_1_336' title='bbox 2256 3814 2327 3879; x_wconf 60' lang='lat' dir='ltr'>§W</span> <span class='ocrx_word' id='word_1_337' title='bbox 2388 3854 2465 3863; x_wconf 64' lang='grc'>«-</span> <span class='ocrx_word' id='word_1_338' title='bbox 2527 3817 2683 3882; x_wconf 88' lang='lat' dir='ltr'>Post</span> <span class='ocrx_word' id='word_1_339' title='bbox 2728 3822 2957 3900; x_wconf 69' lang='grc' dir='ltr'><strong><em>ἐροῦμεν</em></strong></span> 
     </span>
     <span class='ocr_line' id='line_1_37' title="bbox 531 3909 2951 4002; baseline 0.005 -29"><span class='ocrx_word' id='word_1_340' title='bbox 531 3909 629 3973; x_wconf 87' lang='lat' dir='ltr'>est</span> <span class='ocrx_word' id='word_1_341' title='bbox 649 3910 899 3994; x_wconf 90' lang='lat' dir='ltr'>signum</span> <span class='ocrx_word' id='word_1_342' title='bbox 939 3909 1652 3995; x_wconf 85' lang='lat' dir='ltr'>interrogationis</span> <span class='ocrx_word' id='word_1_343' title='bbox 1692 3916 2064 3999; x_wconf 88' lang='lat' dir='ltr'>ponendum,</span> <span class='ocrx_word' id='word_1_344' title='bbox 2104 3919 2168 3981; x_wconf 88' lang='lat' dir='ltr'>et</span> <span class='ocrx_word' id='word_1_345' title='bbox 2192 3918 2535 3985; x_wconf 87' lang='lat' dir='ltr'>sententia:</span> <span class='ocrx_word' id='word_1_346' title='bbox 2572 3917 2663 3981; x_wconf 76' lang='grc' dir='ltr'>ότι</span> <span class='ocrx_word' id='word_1_347' title='bbox 2692 3922 2843 4002; x_wconf 69' lang='grc' dir='ltr'>ἔθνη</span> <span class='ocrx_word' id='word_1_348' title='bbox 2866 3972 2880 3986; x_wconf 95' lang='grc'><strong>.</strong></span> <span class='ocrx_word' id='word_1_349' title='bbox 2906 3970 2951 3985; x_wconf 94' lang='grc'>..</span> 
     </span>
     <span class='ocr_line' id='line_1_38' title="bbox 531 4010 2957 4101; baseline 0.006 -30"><span class='ocrx_word' id='word_1_350' title='bbox 531 4010 630 4073; x_wconf 87' lang='lat' dir='ltr'>est</span> <span class='ocrx_word' id='word_1_351' title='bbox 672 4028 857 4092; x_wconf 89' lang='lat' dir='ltr'>resp</span> <span class='ocrx_word' id='word_1_352' title='bbox 878 4028 974 4073; x_wconf 92' lang='lat' dir='ltr'>on</span> <span class='ocrx_word' id='word_1_353' title='bbox 995 4028 1165 4075; x_wconf 89' lang='lat' dir='ltr'>sum</span> <span class='ocrx_word' id='word_1_354' title='bbox 1227 4013 1307 4076; x_wconf 90' lang='lat' dir='ltr'>ad</span> <span class='ocrx_word' id='word_1_355' title='bbox 1363 4014 1627 4096; x_wconf 91' lang='lat' dir='ltr'>priorem</span> <span class='ocrx_word' id='word_1_356' title='bbox 1684 4016 2248 4101; x_wconf 84' lang='lat' dir='ltr'>interrogationem.</span> <span class='ocrx_word' id='word_1_357' title='bbox 2340 4019 2441 4083; x_wconf 85' lang='lat' dir='ltr'>Ad</span> <span class='ocrx_word' id='word_1_358' title='bbox 2501 4020 2593 4081; x_wconf 78' lang='grc' dir='ltr'>ὁτι</span> <span class='ocrx_word' id='word_1_359' title='bbox 2654 4022 2853 4088; x_wconf 84' lang='lat' dir='ltr'>simul</span> <span class='ocrx_word' id='word_1_360' title='bbox 2894 4042 2957 4087; x_wconf 85' lang='lat' dir='ltr'>ex</span> 
     </span>
     <span class='ocr_line' id='line_1_39' title="bbox 529 4108 2955 4198; baseline 0.007 -27"><span class='ocrx_word' id='word_1_361' title='bbox 529 4108 716 4191; x_wconf 89' lang='lat' dir='ltr'>priori</span> <span class='ocrx_word' id='word_1_362' title='bbox 781 4110 1261 4196; x_wconf 88' lang='lat' dir='ltr'>interrogatione</span> <span class='ocrx_word' id='word_1_363' title='bbox 1348 4116 1765 4198; x_wconf 91' lang='lat' dir='ltr'>supplendum</span> <span class='ocrx_word' id='word_1_364' title='bbox 1846 4121 1978 4184; x_wconf 87' lang='lat' dir='ltr'>est:</span> <span class='ocrx_word' id='word_1_365' title='bbox 2055 4118 2201 4184; x_wconf 90' lang='grc'><strong>1100</strong></span> <span class='ocrx_word' id='word_1_366' title='bbox 2282 4124 2411 4185; x_wconf 92' lang='lat' dir='ltr'>est</span> <span class='ocrx_word' id='word_1_367' title='bbox 2490 4122 2955 4189; x_wconf 86' lang='lat' dir='ltr'>dicendum:</span> 
     </span>
     <span class='ocr_line' id='line_1_40' title="bbox 533 4206 2954 4306; baseline 0.008 -37"><span class='ocrx_word' id='word_1_368' title='bbox 533 4206 776 4290; x_wconf 88' lang='lat' dir='ltr'>(gentes</span> <span class='ocrx_word' id='word_1_369' title='bbox 821 4212 984 4296; x_wconf 68' lang='lat' dir='ltr'>ete).</span> <span class='ocrx_word' id='word_1_370' title='bbox 1049 4256 1130 4270; x_wconf 88' lang='lat'>-</span> <span class='ocrx_word' id='word_1_371' title='bbox 1191 4214 1508 4281; x_wconf 87' lang='lat' dir='ltr'>Particula</span> <span class='ocrx_word' id='word_1_372' title='bbox 1553 4216 1654 4279; x_wconf 72' lang='grc' dir='ltr'>οὖν</span> <span class='ocrx_word' id='word_1_373' title='bbox 1711 4219 1965 4303; x_wconf 90' lang='lat' dir='ltr'>respicit</span> <span class='ocrx_word' id='word_1_374' title='bbox 2021 4220 2100 4285; x_wconf 91' lang='lat' dir='ltr'>ad</span> <span class='ocrx_word' id='word_1_375' title='bbox 2159 4223 2519 4306; x_wconf 89' lang='lat' dir='ltr'>antegressa</span> <span class='ocrx_word' id='word_1_376' title='bbox 2578 4226 2655 4289; x_wconf 91' lang='lat' dir='ltr'>de</span> <span class='ocrx_word' id='word_1_377' title='bbox 2700 4225 2748 4291; x_wconf 86' lang='lat' dir='ltr'><strong>J</strong></span> <span class='ocrx_word' id='word_1_378' title='bbox 2752 4226 2954 4291; x_wconf 85' lang='lat' dir='ltr'>udaeis</span> 
     </span>
     <span class='ocr_line' id='line_1_41' title="bbox 532 4309 2952 4411; baseline 0.009 -41"><span class='ocrx_word' id='word_1_379' title='bbox 532 4309 596 4370; x_wconf 91' lang='lat' dir='ltr'>et</span> <span class='ocrx_word' id='word_1_380' title='bbox 637 4309 978 4390; x_wconf 87' lang='lat' dir='ltr'>gentilibus</span> <span class='ocrx_word' id='word_1_381' title='bbox 1025 4316 1316 4383; x_wconf 89' lang='lat' dir='ltr'>vaticinia</span> <span class='ocrx_word' id='word_1_382' title='bbox 1359 4317 1442 4401; x_wconf 91' lang='lat' dir='ltr'>(v.</span> <span class='ocrx_word' id='word_1_383' title='bbox 1489 4316 1788 4402; x_wconf 80' lang='lat'>25—29.)</span> <span class='ocrx_word' id='word_1_384' title='bbox 1850 4324 1912 4386; x_wconf 88' lang='lat' dir='ltr'>et</span> <span class='ocrx_word' id='word_1_385' title='bbox 1972 4322 2053 4388; x_wconf 88' lang='lat' dir='ltr'>ad</span> <span class='ocrx_word' id='word_1_386' title='bbox 2096 4341 2345 4389; x_wconf 88' lang='lat' dir='ltr'>versum</span> <span class='ocrx_word' id='word_1_387' title='bbox 2394 4325 2492 4390; x_wconf 84' lang='lat'>16.</span> <span class='ocrx_word' id='word_1_388' title='bbox 2551 4362 2609 4371; x_wconf 81' lang='lat'>-—</span> <span class='ocrx_word' id='word_1_389' title='bbox 2668 4326 2952 4411; x_wconf 86' lang='lat' dir='ltr'>Integrae</span> 
     </span>
     <span class='ocr_line' id='line_1_42' title="bbox 527 4406 2949 4523; baseline 0.007 -44"><span class='ocrx_word' id='word_1_390' title='bbox 527 4406 786 4481; x_wconf 78' lang='lat' dir='ltr'>orationi</span> <span class='ocrx_word' id='word_1_391' title='bbox 848 4412 990 4487; x_wconf 81' lang='lat' dir='ltr'>huic</span> <span class='ocrx_word' id='word_1_392' title='bbox 1063 4418 1284 4495; x_wconf 85' lang='lat' dir='ltr'>subest</span> <span class='ocrx_word' id='word_1_393' title='bbox 1363 4418 1572 4514; x_wconf 84' lang='lat' dir='ltr'>imago</span> <span class='ocrx_word' id='word_1_394' title='bbox 1636 4418 1966 4517; x_wconf 84' lang='lat' dir='ltr'>desumpta</span> <span class='ocrx_word' id='word_1_395' title='bbox 2045 4441 2083 4501; x_wconf 78' lang='lat' dir='ltr'>a</span> <span class='ocrx_word' id='word_1_396' title='bbox 2167 4442 2413 4501; x_wconf 82' lang='lat' dir='ltr'>cursu</span> <span class='ocrx_word' id='word_1_397' title='bbox 2479 4426 2831 4523; x_wconf 83' lang='lat' dir='ltr'>publico</span> <span class='ocrx_word' id='word_1_398' title='bbox 2893 4429 2949 4503; x_wconf 76' lang='lat' dir='ltr'>in</span> 
     </span>
    </p>
   </div>
   <div class='ocr_carea' id='block_1_5' title="bbox 3098 287 3153 4936">
    <p class='ocr_par' dir='ltr' id='par_1_7' title="bbox 3098 287 3153 4936">
     <span class='ocr_line' id='line_1_43' title="bbox 3098 287 3153 4936; baseline 0 0"><span class='ocrx_word' id='word_1_399' title='bbox 3098 287 3153 4936; x_wconf 95' lang='lat' dir='ltr'> </span> 
     </span>
    </p>
   </div>
   <div class='ocr_carea' id='block_1_6' title="bbox 2662 4889 3101 4930">
    <p class='ocr_par' dir='ltr' id='par_1_8' title="bbox 2662 4889 3101 4930">
     <span class='ocr_line' id='line_1_44' title="bbox 2704 4889 2926 4916; baseline 0 -6"><span class='ocrx_word' id='word_1_400' title='bbox 2704 4893 2717 4910; x_wconf 68' lang='grc' dir='ltr'>ἱ</span> <span class='ocrx_word' id='word_1_401' title='bbox 2773 4892 2796 4907; x_wconf 53' lang='lat' dir='ltr'>U*</span> <span class='ocrx_word' id='word_1_402' title='bbox 2819 4889 2861 4911; x_wconf 62' lang='lat'>2¹-</span> <span class='ocrx_word' id='word_1_403' title='bbox 2885 4899 2896 4908; x_wconf 80' lang='grc' dir='ltr'>ι</span> <span class='ocrx_word' id='word_1_404' title='bbox 2917 4907 2926 4916; x_wconf 79' lang='grc'><strong>,</strong></span> 
     </span>
     <span class='ocr_line' id='line_1_45' title="bbox 2662 4909 3101 4930; baseline 0 0"><span class='ocrx_word' id='word_1_405' title='bbox 2662 4909 2740 4930; x_wconf 33' lang='grc' dir='ltr'>1.“ῑ-“</span> <span class='ocrx_word' id='word_1_406' title='bbox 2756 4910 3101 4930; x_wconf 55' lang='lat' dir='ltr'>¹—mx-xffi2.„,-..-</span> 
     </span>
    </p>
   </div>
  </div>
 </body>
</html>
