3234 4992
434 249 514 314 10
1474 244 1809 294 Ptolegomena.

427 452 464 499 a
479 431 796 498 fflictio
815 449 857 497 n
874 449 950 498 es
994 431 1305 497 constanti
1350 431 1559 497 animo
1606 431 1874 516 perferre
1889 480 1904 511 ,
1974 433 2049 498 ad
2094 433 2257 518 quod
2321 433 2672 498 faciendum
2740 451 2849 499 nos

433 534 696 600 excitare
741 533 928 598 debet
958 554 1022 599 m
1037 553 1074 599 a
1090 553 1132 618 g
1147 534 1328 598 nitu
1345 533 1384 598 d
1403 553 1437 600 o
1481 555 1522 618 p
1540 554 1571 599 r
1585 553 1625 600 a
1644 553 1675 599 e
1692 534 1831 599 mii
1871 534 2113 600 futurae
2157 533 2477 600 felicitatis
2502 533 2845 626 (12„-18.).

428 634 533 699 Ad
576 633 852 701 futuram
895 653 928 699 c
946 653 1080 718 orp
1098 635 1259 700 oris
1303 635 1433 719 glo
1453 636 1519 701 ri
1539 636 2022 718 ficationem
2065 637 2435 719 sperandam
2476 653 2589 700 nos
2615 635 2846 700 excitat

430 735 895 820 gemebundum
941 735 1472 817 desiderium,
1520 755 1639 820 quo
1683 756 1743 802 m
1764 737 2082 803 undana
2124 738 2501 802 creatura
2555 737 2847 802 universa

424 837 855 904 liberationem
919 839 1015 903 sui
1061 857 1098 904 a
1143 838 1440 904 servitute
1504 838 1910 922 corruptionis
1978 839 2311 922 exspectat,
2374 839 2472 903 cui
2539 837 2844 902 desiderio

426 939 818 1023 gemebundo
865 939 1056 1005 etiam
1101 958 1135 1003 c
1154 957 1189 1004 o
1207 959 1236 1004 r
1282 940 1560 1004 nostrum
1606 940 1929 1005 consentit.
1978 939 2142 1004 Nam
2191 940 2381 1004 etiam
2426 957 2559 1017 nos,
2606 938 2847 1020 quando

426 1040 766 1106 secundum
811 1059 840 1105 s
855 1060 894 1124 p
912 1040 934 1105 i
949 1042 1117 1105 ritu
1134 1060 1198 1105 m
1244 1039 1571 1125 (animam)
1630 1041 2069 1125 redemptionis
2112 1044 2174 1106 et
2220 1041 2443 1105 salutis
2485 1040 2551 1104 in
2598 1039 2843 1105 Christo

424 1145 740 1226 compotes
785 1141 932 1206 facti
976 1142 1191 1221 simne,
1237 1143 1511 1208 nondum
1554 1143 1820 1210 fruimur
1864 1162 1898 1208 c
1916 1160 1950 1208 o
1967 1163 2007 1208 n
2028 1161 2056 1207 s
2077 1161 2118 1207 u
2134 1161 2199 1207 m
2216 1161 2281 1207 m
2297 1160 2334 1206 a
2350 1143 2377 1206 t
2394 1159 2433 1206 a
2489 1141 2600 1207 illa
2643 1141 2841 1207 salute

424 1242 488 1324 (p
507 1261 540 1306 e
556 1261 587 1306 r
601 1241 674 1306 fe
691 1245 822 1307 cta
865 1242 1190 1326 adoptione
1233 1242 1498 1309 filiorum
1543 1243 1709 1330 Dei),
1754 1263 1945 1328 quum
1991 1263 2025 1309 c
2040 1261 2074 1309 o
2090 1263 2121 1308 r
2135 1263 2175 1328 p
2192 1263 2231 1309 u
2251 1263 2282 1309 s
2324 1243 2605 1309 nostrum
2642 1241 2845 1308 adhuc

428 1343 855 1426 redemptione
899 1343 1191 1428 indigeat.
1284 1343 1331 1409 C
1347 1363 1381 1410 o
1401 1363 1438 1409 n
1459 1364 1489 1410 s
1507 1364 1548 1409 u
1566 1365 1631 1410 m
1647 1363 1709 1410 m
1730 1363 1767 1410 a
1783 1348 1809 1409 t
1828 1363 1864 1410 a
1882 1364 1945 1410 m
2006 1345 2495 1428 redemptionem
2538 1344 2845 1409 habemus

429 1462 592 1509 nunc
629 1445 834 1510 solum
877 1443 941 1510 in
989 1463 1074 1529 sp
1095 1465 1161 1522 e3
1207 1445 1484 1511 attamen
1528 1447 1778 1512 interim
1824 1465 1960 1512 eam
2009 1450 2456 1530 exspectantes,
2503 1463 2539 1510 a
2556 1445 2648 1510 dv
2669 1464 2746 1509 er
2764 1463 2847 1510 sa

432 1545 686 1627 quaevis
731 1545 1037 1629 patienter
1079 1546 1234 1611 ferre
1299 1547 1615 1627 debemuS,
1686 1566 1807 1631 qua
1857 1549 1921 1613 in
1966 1568 2029 1614 re
2074 1546 2433 1631 Spiritus
2500 1565 2581 1612 sa
2600 1549 2843 1611 nctus

423 1644 670 1729 adjutor
711 1646 890 1711 nobis
935 1648 1128 1728 adest,
1174 1649 1278 1731 qui
1323 1651 1388 1714 in
1432 1649 1614 1715 nobis
1660 1653 1721 1714 et
1764 1668 1872 1734 pro
1895 1650 2073 1716 nobis
2098 1669 2135 1715 a
2158 1651 2289 1716 Deo
2313 1650 2471 1733 petit
2494 1647 2842 1734 (19—30.).

425 1747 681 1812 Praeter
725 1746 996 1832 Spiritus
1037 1751 1230 1816 sancti
1255 1751 1550 1817 auxilium
1575 1751 1656 1816 ad
1679 1752 1890 1816 omnia
1915 1752 2175 1816 adversa
2195 1751 2499 1834 patienter
2521 1749 2845 1815 toleranda

424 1847 610 1913 debet
654 1866 766 1914 nos
813 1850 1074 1916 excitare
1119 1851 1478 1917 firmissima
1542 1853 1858 1936 persuasio
1874 1902 1889 1932 ,
1950 1853 2113 1938 quod
2170 1852 2227 1916 D
2245 1871 2278 1916 e
2294 1872 2335 1916 u
2355 1871 2420 1917 m
2482 1852 2521 1916 d
2538 1851 2598 1916 il
2614 1851 2636 1915 i
2652 1870 2695 1935 g
2715 1869 2748 1916 e
2766 1869 2842 1914 n-

423 1949 552 2014 tib
568 1968 609 2014 u
630 1969 659 2014 s
703 1951 914 2016 omnia
957 1953 1179 2018 cedant
1222 1954 1288 2019 in
1332 1954 1373 2019 b
1396 1973 1430 2019 o
1447 1973 1488 2017 n
1505 1973 1546 2017 u
1564 1973 1648 2019 m.
1738 1953 1942 2033 Quam
1987 1953 2475 2036 disputationem
2522 1953 2841 2037 apostolus

423 2050 738 2116 concludit
781 2053 1026 2137 egregio
1073 2072 1161 2137 ep
1179 2054 1291 2120 ilo
1309 2072 1402 2138 go
1449 2055 1552 2140 (31
1582 2094 1614 2104 -
1647 2053 1795 2139 39.).

627 2152 685 2218 3.
733 2153 809 2218 In
831 2154 1004 2237 parte
1049 2156 1304 2220 tertia
1350 2155 1430 2238 (c.
1452 2157 1559 2220 9-
1581 2155 1708 2240 11.)
1732 2156 1996 2221 occurrit
2018 2176 2063 2220 s.
2092 2159 2303 2221 auctor
2347 2141 2473 2238 obj
2495 2173 2528 2220 e
2546 2153 2797 2220 ctioni
2819 2202 2834 2233 ,

423 2270 610 2335 quam
655 2254 791 2335 quis
839 2255 1147 2320 doctrinae
1192 2257 1384 2339 ipsius
1429 2259 1507 2322 de
1551 2259 1878 2323 univers
1902 2258 2203 2323 alitate
2246 2257 2565 2340 gratiae
2630 2256 2835 2321 facere

420 2356 650 2435 posset,
698 2355 856 2435 ideo,
903 2355 1046 2439 quia
1088 2357 1271 2442 longe
1320 2359 1591 2425 maxima
1636 2378 1778 2444 pars
1824 2359 2040 2445 populi
2100 2359 2145 2426 J
2145 2359 2349 2425 udaiei
2414 2379 2444 2423 r
2459 2358 2529 2441 ej
2551 2377 2583 2422 e
2602 2377 2634 2422 c
2652 2359 2679 2422 t
2695 2377 2732 2422 a
2776 2361 2840 2422 et

421 2453 499 2518 ab
544 2454 986 2540 adoptione
1031 2458 1096 2523 in
1139 2460 1443 2544 populum
1488 2462 1757 2526 electum
1802 2461 1875 2526 N.
1924 2462 1993 2527 Τ.
2042 2463 2105 2525 et
2127 2479 2165 2526 a
2200 2459 2377 2526 bonis
2407 2459 2463 2524 ei
2492 2459 2837 2543 promissis,

417 2556 787 2623 nominatim
831 2577 868 2624 a
902 2558 928 2642 j
946 2560 1419 2626 ustificatio
1439 2582 1530 2628 ne
1573 2562 1819 2627 exclusa
1861 2563 1963 2641 sit,
2008 2563 2159 2627 dum
2205 2561 2415 2626 docet:

627 2657 699 2740 a)
745 2658 929 2724 Illam
975 2662 1372 2747 adoptionem
1413 2664 1478 2730 in
1521 2665 1823 2748 populum
1867 2663 1987 2729 Dei
2030 2663 2108 2728 N.
2150 2663 2218 2728 Τ.
2248 2665 2309 2727 et
2325 2659 2835 2745 justificationem

420 2775 543 2824 non
587 2778 723 2825 esse
768 2781 839 2826 ex
873 2761 1014 2845 jure
1082 2764 1287 2846 aliquo
1334 2765 1909 2849 generationis
1956 2764 2272 2830 carnali
2292 2783 2321 2828 s
2366 2763 2465 2828 vel
2510 2780 2835 2845 operum

418 2858 978 2943 humanorum,
1041 2866 1150 2930 sed
1195 2884 1328 2930 esse
1373 2865 1879 2932 beneficium
1922 2866 2413 2950 gratuitum,
2478 2865 2650 2929 nullo
2687 2863 2827 2946 jure

421 2961 720 3029 debitum.
779 2964 1121 3031 Veritatem
1165 2967 1327 3032 hanc
1370 2968 1588 3052 probat
1633 2968 1931 3051 exemplis
1978 2966 2292 3032 electionis
2336 2964 2825 3050 patriarcharum

418 3063 494 3127 Is
513 3081 550 3128 a
567 3082 605 3129 a
621 3082 654 3129 c
699 3069 762 3130 et
804 3065 848 3132 J
867 3085 904 3132 a
920 3085 953 3132 c
969 3085 1004 3132 o
1021 3068 1060 3134 b
1106 3068 1191 3152 (9,
1240 3069 1512 3155 1-13.).
1588 3069 1743 3135 Inde
1788 3069 2083 3152 sequitur,
2128 3068 2193 3131 in
2234 3068 2367 3132 Deo
2409 3067 2650 3132 nullam
2697 3084 2835 3131 esse

421 3164 508 3228 in
523 3165 551 3249 j
576 3185 619 3230 u
640 3168 914 3234 stitia
938 3188 1002 3234 m
1019 3217 1034 3248 ,
1105 3171 1250 3252 quia
1284 3170 1584 3236 beneficia
1652 3189 1764 3236 sua
1826 3169 2104 3236 indebita
2145 3168 2501 3234 hominibus
2544 3187 2615 3232 ex
2659 3187 2832 3232 mera

419 3267 996 3336 misericordia
1039 3272 1292 3352 confert,
1339 3273 1502 3354 quod
1543 3273 1804 3338 ulterius
1835 3272 2037 3338 verbis
2082 3290 2127 3337 s.
2176 3271 2641 3353 scripturae
2686 3287 2830 3334 con-

415 3365 628 3434 firmat
669 3369 1010 3455 (14—29.)
1097 3374 1296 3439 Docet
1335 3392 1546 3458 porro:
1974 3445 1979 3454 ,

625 3469 691 3555 b)
736 3472 922 3538 Illam
966 3473 1379 3540 exclusionem
1426 3495 1498 3540 ex
1541 3477 1718 3558 parte
1764 3474 1807 3540 J
1810 3475 2147 3540 udaeorum
2211 3491 2345 3538 esse
2407 3491 2470 3536 m
2491 3490 2523 3536 e
2540 3491 2569 3536 r
2585 3472 2608 3536 i
2627 3475 2655 3536 t
2675 3491 2711 3537 a
2731 3491 2792 3536 m
2814 3521 2836 3551 ,

417 3571 561 3652 quia
603 3572 669 3636 in
715 3571 1032 3638 Christum
1078 3594 1118 3639 n
1138 3593 1172 3639 o
1189 3594 1230 3639 n
1271 3592 1304 3639 c
1319 3594 1350 3639 r
1367 3595 1397 3640 e
1416 3577 1454 3640 d
1472 3577 1493 3641 i
1513 3576 1553 3640 d
1569 3595 1600 3640 e
1615 3594 1647 3639 r
1663 3594 1704 3640 u
1720 3579 1805 3640 nt
1848 3575 1933 3660 (9,
1980 3574 2249 3652 31-—10‚
2295 3573 2443 3658 21.).

617 3672 678 3758 c)
724 3673 910 3740 Illam
955 3675 1363 3741 exclusionem
1412 3694 1531 3742 non
1566 3695 1704 3741 esse
1748 3696 1789 3741 u
1803 3677 1936 3741 niv
1953 3695 1985 3740 e
2001 3695 2032 3740 r
2047 3694 2075 3740 s
2096 3676 2222 3740 ale
2239 3695 2303 3740 m
2321 3725 2336 3755 ,
2383 3675 2527 3758 quia
2548 3674 2830 3740 nonnulli

417 3792 488 3837 ex
531 3773 836 3840 Israelitis
882 3779 1285 3861 pervenerant
1327 3779 1404 3843 ad
1448 3778 1635 3843 fidem
1704 3781 1765 3842 et
1830 3777 1906 3842 ad
1971 3777 2131 3843 bona
2193 3778 2420 3860 populo
2464 3777 2584 3841 Dei
2628 3776 2706 3840 N.
2755 3777 2831 3840 T.

414 3876 740 3958 promissa,
812 3897 1007 3962 neque
1069 3899 1206 3946 esse
1271 3884 1612 3964 perpetu
1632 3898 1782 3958 am;
1850 3897 1997 3946 nam
2020 3927 2035 3957 ,
2102 3880 2343 3962 quando
2400 3879 2831 3962 plenitudo

414 3979 860 4061 gentilium
913 3981 979 4044 in
1023 3982 1348 4048 ecclesiam
1410 3982 1763 4060 intraverit,
1825 3979 2080 4045 omnis
2141 3980 2298 4045 Jud
2318 3999 2405 4045 ae
2426 3999 2641 4045 orum
2707 3997 2829 4064 po-

414 4098 454 4162 p
475 4100 514 4144 u
531 4081 608 4146 lu
625 4100 654 4147 s
697 4081 776 4146 ad
823 4081 1140 4148 Christum
1185 4085 1571 4149 convertetur
1615 4087 1679 4148 et
1723 4083 2026 4167 particeps
2089 4082 2197 4147 fiet
2262 4082 2567 4148 bonorum
2634 4100 2826 4147 novae

413 4183 820 4263 oeconomiae,
867 4185 1164 4250 ecclesiae
1209 4186 1288 4251 N.
1335 4185 1404 4250 Τ.
1455 4186 1582 4266 (11,
1635 4185 1908 4268 1—32.).
2000 4183 2328 4249 Concludit
2380 4202 2522 4250 cum
2567 4184 2831 4249 solemni

411 4282 1163 4471 goxp3130gga)divinae
1229 4286 1677 4366 bonitatis,
1748 4286 2223 4372 sapientiae
2286 4286 2375 4351 et.
2416 4286 2829 4354 scientiae

472 4382 527 4446 ei
692 4422 760 4435 —
810 4387 916 4452 6..
