3234 4992
1269 262 1382 315 cap.
1408 265 1486 305 11.
1513 275 1558 305 v.
1586 264 1653 306 u.
2548 266 2673 331 203

231 444 490 509 πλούτου
538 466 668 513 non
732 450 918 532 legit3
978 467 1126 515 nam
1184 450 1274 515 ita
1332 449 1556 514 habet:
1619 449 1671 515 Ο
1738 449 2107 515 altitudo
2172 449 2673 517 divitiarum

231 550 728 633 sapientiae
796 554 859 615 et
923 552 1344 616 scientiae
1389 552 1548 616 Dei.
1641 551 1835 617 Juxta
1894 551 2056 616 hanc
2116 553 2440 617 leetienem
2500 553 2673 633 geni-

229 650 339 715 tivi
385 654 621 731 σοφίας
668 657 740 717 et
774 651 1044 733 γνώσεως
1088 653 1439 736 dependent
1483 671 1520 717 a
1563 670 1709 717 voce
1771 651 2052 728 πλούτου,
2114 657 2176 717 et
2236 653 2444 733 βάθος
2484 653 2673 713 πλωΐ-

226 775 330 813 του
375 756 476 816 est
522 753 704 818 idem
749 772 820 819 ac
865 754 1063 835 βαθύς
1105 756 1396 825 rel-octog.-
1441 753 1492 819 Ο
1538 754 1870 836 profundas
1914 754 2164 819 divitiae
2224 757 2564 837 eapientiae
2612 757 2677 821 et

229 854 531 920 scientiae
579 856 740 920 Dei!
788 892 867 903 -
915 857 981 922 Si
1027 875 1188 933 vere,
1235 856 1327 920 uti
1374 854 1593 922 Graeci
1641 874 1856 919 omnes
1919 856 2152 938 legunt,
2220 861 2360 937 pnat
2420 857 2677 921 aialim-e

232 956 475 1039 legitur
522 959 646 1033 καὶ,
693 975 907 1022 omnes
949 958 1055 1023 isti
1102 959 1228 1022 tres
1271 957 1530 1040 genitivi
1576 956 1698 1021 sibi
1756 961 1898 1022 sunt
1942 958 2296 1033 coordinati,
2344 961 2404 1021 et
2452 961 2677 1041 depen-

232 1058 381 1122 dent
428 1076 467 1122 a
522 1077 683 1124 voce
754 1057 982 1139 βάθος.
1067 1058 1278 1123 Lectio
1345 1059 1501 1123 haec
1569 1057 1948 1123 Graecorum
1992 1061 2340 1142 postulatur
2404 1061 2480 1125 ab
2540 1061 2677 1141 ipen

230 1161 678 1238 contextu3
723 1179 892 1239 nam,
962 1160 1125 1225 sicut
1170 1179 1224 1224 v.
1273 1160 1374 1224 34.
1422 1159 1671 1241 respicit
1732 1160 2232 1242 sapientiam
2292 1165 2356 1225 et
2412 1161 2677 1225 anien-

230 1260 426 1324 tiam
475 1262 623 1339 Dei,
676 1279 832 1343 quae
875 1261 940 1326 in
986 1262 1093 1325 illa
1137 1261 1583 1325 exclamatione
1629 1260 1985 1325 nominatae
2029 1259 2300 1337 fuerunt,
2352 1265 2440 1325 ita
2484 1265 2677 1329 etiam

238 1379 293 1425 v.
337 1360 442 1427 35.
493 1362 579 1427 ad
628 1363 880 1444 aliquod
925 1363 1042 1427 Dei
1085 1362 1479 1437 attributum,
1543 1362 1608 1425 in
1655 1364 1762 1427 illa
1807 1363 2248 1427 exclamatione
2296 1381 2677 1445 eapreeeunu,

234 1462 449 1527 referri
499 1464 714 1541 debet,
761 1463 1060 1528 nimirum
1108 1464 1184 1527 ad
1229 1464 1568 1545 gratuitam
1613 1464 1728 1527 Dei
1789 1464 2152 1541 bonitatem,
2216 1485 2320 1529 aen
2368 1465 2677 1529 miseri-

234 1564 643 1629 cordiam.
710 1604 764 1615 -0-
820 1564 1076 1630 Verbis:
1125 1562 1330 1645 βάθος
1374 1562 1634 1627 πλούτου
1675 1567 1811 1630 vult
1856 1566 2172 1647 apostolus
2220 1565 2540 1649 deaignare
2588 1565 2677 1629 di-

235 1664 427 1730 vitias
475 1665 942 1750 copiosissimas
991 1667 1320 1732 divinae
1365 1666 2009 1744 misericordiae,
2057 1685 2164 1730 sen
2208 1669 2516 1749 gratuitae
2568 1665 2673 1729 be-

246 1764 486 1844 nitatiS,
537 1786 666 1850 qua
710 1767 1009 1845 omnium,
1055 1767 1384 1851 gentilium
1430 1770 1490 1831 et
1535 1767 1939 1845 Judaeorum‚
1989 1767 2276 1833 misai-tue
2324 1773 2436 1845 eet,
2492 1773 2677 1853 atque

239 1866 303 1931 in
351 1885 600 1949 omnes,
649 1870 912 1953 gentiles
958 1870 1020 1933 et
1065 1868 1357 1945 Judaeos,
1417 1869 1521 1949 qui
1583 1869 1648 1932 in
1709 1888 1851 1932 eum
1914 1868 2188 1945 credunt,
2248 1869 2480 1953 gratiae
2528 1893 2677 1937 enae

241 1968 494 2035 divitias
543 1971 811 2035 effundit
854 1971 958 2054 (cf.
1009 1972 1108 2049 10,
1158 1970 1300 2052 12).
1393 1968 1451 2034 S.
1502 1969 1735 2035 Paulus
1779 1989 1995 2036 vocem
2040 1971 2296 2041 πλοῦτος
2336 1989 2516 2053 eaepe
2564 1977 2677 2037 asl-

240 2068 434 2149 hibet,
500 2091 574 2137 eo
638 2091 846 2152 sensu,
911 2090 1028 2154 quo
1075 2071 1399 2153 speciatim
1458 2072 1709 2136 divitias
1771 2072 2188 2155 gratuitae
2244 2073 2677 2141 benitatiet

243 2188 350 2235 seu
398 2173 1040 2239 misericordiae
1086 2172 1202 2236 Dei
1247 2176 1355 2237 aut
1389 2171 1641 2251 Christi,
1690 2173 1943 2238 denotat
1988 2173 2232 2257 (Ephee.
2288 2177 2344 2250 3,
2392 2177 2444 2241 3.
2496 2177 2673 2241 Rem,

246 2272 339 2349 10,
393 2274 492 2340 12.
564 2275 729 2341 Phil.
791 2276 852 2353 4,
917 2275 1060 2359 18.).
1122 2311 1205 2320 —
1265 2278 1452 2355 σοφία
1512 2279 1608 2338 est
1653 2274 1770 2338 Dei
1816 2275 2280 2357 sapientia,
2344 2293 2496 2357 qnae
2540 2277 2677 2341 uni-

244 2391 418 2440 versa
484 2377 728 2460 optime
792 2377 954 2459 regit
1016 2378 1198 2458 atque
1259 2378 1335 2441 ad
1398 2376 1584 2440 finem
1660 2376 1955 2441 ultimum
2026 2375 2272 2457 dirigit3
2340 2413 2408 2421 —-
2472 2377 2681 2457 reaia-a-

244 2493 382 2540 vero
451 2482 560 2543 est
625 2478 998 2561 cognitio
1061 2478 1407 2543 mediorum
1469 2478 1530 2541 et
1573 2478 1833 2554 viarum,
1902 2495 2057 2559 quae
2121 2477 2196 2541 ad
2264 2477 2428 2541 hune
2488 2481 2673 2545 finem

245 2576 497 2645 ducunt.
557 2580 864 2644 Dicuntur
908 2583 1120 2644 autem
1167 2579 1472 2661 sapientia
1507 2584 1568 2642 et
1603 2579 1867 2643 scientia
1890 2579 2007 2642 Dei
2052 2578 2152 2643 hie
2196 2581 2384 2661 pref
2396 2581 2673 2657 undae,

247 2681 558 2758 quatenus
607 2684 754 2745 sunt
801 2680 1231 2745 abditissimas
1296 2682 1358 2743 et
1421 2680 1733 2745 humanae
1793 2680 2260 2763 perscrutationi
2324 2681 2677 2765 imperviae,

251 2779 341 2842 uti
387 2782 614 2847 statim
682 2782 1002 2863 sequentia
1065 2781 1252 2845 verba
1311 2781 1553 2858 docent,
1622 2780 1846 2862 quibus
1908 2782 2292 2864 profunditas
2344 2785 2677 2865 sapientiae

250 2882 309 2943 et
352 2882 657 2947 scientiae
701 2882 1057 2965 explicatur.
1109 2919 1182 2929 --
1231 2881 1274 2947 J
1291 2882 1568 2946 udicia
1627 2882 1927 2964 (decreta)
1993 2882 2109 2945 Dei
2168 2885 2312 2945 aunt
2372 2885 2677 2946 inaera-

248 2980 564 3048 tabilia
606 2983 864 3061 homini,
892 3002 1080 3066 quum
1108 2983 1311 3066 primo
1331 2982 1616 3065 gentiles,
1647 2982 1785 3045 dein
1809 2981 2081 3046 Judaeos
2110 2985 2440 3065 repulerim
2486 3001 2520 3045 t‘
2542 2985 2560 3045 i
2584 3001 2620 3045 a
2640 3005 2673 3049 e

251 3080 509 3169 (media)
557 3087 703 3149 sunt
765 3082 1638 3167 impervestigabiles,
1700 3101 1892 3164 quum
1954 3084 2087 3145 tam
2128 3081 2420 3157 Judaena,
2488 3101 2673 3165 qnam

252 3186 537 3263 gentiles,
585 3185 783 3269 primo
813 3171 1126 3268 repulso&
1172 3186 1383 3249 tamen
1417 3184 1495 3248 ad
1538 3203 1734 3248 unum
1756 3184 2136 3265 eundemque
2184 3185 2424 3249 finem
2464 3185 2669 3249 dunat„

454 3288 532 3352 V.
582 3288 682 3352 34.
731 3285 936 3364 „Quis
975 3288 1134 3349 enim
1176 3286 1447 3370 coynovit
1486 3293 1737 3348 mentem
1778 3284 2055 3363 Domini,
2118 3293 2224 3345 ctat
2288 3285 2424 3369 qaia
2488 3285 2674 3349 eenei-

255 3381 475 3453 liarius
535 3391 665 3478 ejus
709 3386 935 3473 fuit&
1002 3428 1073 3438 --
1138 3386 1360 3451 Verbis
1420 3386 1518 3450 his
1573 3385 1873 3469 probat
1931 3385 2113 3469 (γὰρ),
2176 3389 2336 3469 qunti
2392 3385 2456 3449 in
2500 3389 2673 3449 ante-

253 3504 466 3567 gressa
535 3489 980 3554 exclamatione
1045 3489 1295 3564 dixerat,
1365 3488 1494 3553 scil.
1568 3488 1999 3553 inscrutabilia
2065 3505 2200 3553 esee
2264 3489 2500 3569 judicia
2564 3489 2673 3553 Dei

256 3590 314 3650 et
377 3590 986 3675 impervestigabiles
1053 3590 1185 3654 vias
1253 3588 1402 3672 ejus
1516 3590 1730 3654 Prima
1796 3589 2072 3671 quaestio
2140 3589 2392 3673 reapieit
2456 3593 2673 3669 σοφίαν

256 3684 368 3754 Dei
411 3692 681 3776 ejusque
721 3691 955 3774 judicia
1011 3690 1471 3765 inscrutabilia3
1533 3690 1728 3754 altera
1795 3708 1933 3754 vero
1992 3688 2204 3771 γνῶσιν
2248 3691 2364 3753 Dei
2424 3693 2673 3773 ejnaque

255 3789 382 3855 vias
449 3792 880 3868 absconditas;
949 3796 1208 3874 utraque
1269 3791 1600 3873 desumpta
1665 3795 1759 3855 est
1804 3811 1873 3855 ex
1916 3791 1958 3855 J
1976 3793 2200 3857 esaia
2264 3789 2388 3877 (40,
2440 3793 2564 3877 13.)
2612 3797 2673 3857 et

257 3888 377 3956 fere
445 3894 814 3958 verbotenus
873 3892 1051 3977 juxta
1119 3893 1528 3976 Septuaginta
1593 3893 1879 3958 adducta.
1972 3892 2276 3958 Senene
2340 3897 2472 3957 eet:
2520 3893 2673 3969 Quia

258 4009 528 4076 unquam
574 3995 782 4060 mente
829 4014 942 4059 sua
1002 3994 1288 4078 cognovit
1354 3993 1728 4077 sapientiam
1772 3993 1888 4057 Dei
1946 3994 2196 4077 ejusque
2252 3993 2480 4077 judicia
2540 3993 2673 4073 [de-

259 4096 467 4179 creta),
518 4094 858 4160 secundum
908 4114 1063 4177 quae
1108 4096 1373 4160 alterum
1417 4098 1599 4160 vocat
1662 4096 1725 4158 et
1769 4094 1946 4176 eligit
2002 4094 2081 4157 ad
2136 4093 2324 4157 fidem
2388 4093 2673 4157 ebriatia*

261 4210 399 4260 nam
446 4198 508 4260 et
545 4195 1055 4279 justificationem
1100 4214 1209 4277 per
1251 4195 1459 4274 fidem,
1507 4195 1772 4260 alterum
1803 4194 2089 4259 obdurari
2136 4193 2476 4277 permittit:
2520 4213 2673 4277 gen-

261 4292 394 4360 tiles
455 4298 534 4361 ad
592 4297 859 4361 salutem
917 4298 981 4361 in
1027 4295 1273 4361 Christo
1332 4298 1523 4376 ducit,
1587 4299 1651 4361 et
1703 4297 1976 4363 Judaeos
2043 4296 2107 4360 in
2172 4297 2669 4361 incredulitatem

263 4398 471 4465 cadere
533 4399 866 4489 permisit?
958 4398 1086 4463 Aut
1131 4398 1268 4481 quis
1311 4417 1585 4490 unquam
1646 4398 1709 4472 in
1768 4397 2101 4494 seligendis
2144 4397 2256 4461 viia
2320 4401 2384 4461 et
2428 4397 2669 4477 mediia,
