3234 4992
1284 257 1392 313 Gap.
1423 260 1500 302 11.
1519 269 1566 301 v.
1594 260 1737 302 9-10.
2581 260 2703 327 153

270 446 518 511 ismael
561 448 630 511 et
669 445 889 529 reliqui
933 445 1225 512 Abrahae
1281 445 1395 512 filii
1439 447 1572 513 sola
1634 446 1901 512 naturali
1944 445 2245 531 gignendi
2288 445 2517 511 virtute
2559 464 2701 530 pro-

272 546 478 613 creati
521 546 790 612 fuerunt.

485 647 562 713 V.
608 649 666 714 9.
728 647 1208 727 „Promissionis
1269 649 1428 713 enim
1483 647 1728 713 verbum
1782 648 1889 712 hoc
1950 647 2111 731 (scil.
2160 648 2350 732 erat):
2410 646 2505 712 Eo
2563 656 2700 712 tem·

258 771 424 835 pore
465 750 729 830 veniam,
770 758 826 813 et
867 750 985 813 erit
1028 748 1230 814 Sarae
1255 748 1499 835 filius.“
1584 750 1738 814 Pro:
1798 748 1944 810 κατὰ
2001 747 2101 811 τὸν
2159 747 2363 830 καιρὸν
2422 749 2488 813 in
2532 750 2704 814 textu

268 850 548 917 hebraeo
591 850 854 935 legitur:
919 851 990 916 si
1031 854 1353 935 tempus
1398 851 1841 931 revixerit,
1903 851 1942 915 i.
1990 870 2039 914 e.
2100 851 2353 915 redierit
2410 870 2702 935 praesens

269 952 425 1031 dieS,
497 970 606 1017 seu
670 969 830 1017 anno
894 952 1188 1035 proximo.
1280 952 1372 1018 De
1435 953 1555 1019 hac
1622 952 2032 1036 promissione
2102 952 2406 1035 scriptum
2471 955 2565 1017 est
2636 952 2704 1017 in

269 1052 585 1119 Genesi
629 1049 756 1137 (18,
821 1053 966 1139 10.)‚
1031 1056 1092 1119 et
1150 1072 1368 1119 sensus
1437 1054 1763 1120 verborum
1813 1054 1928 1119 Dei
1995 1055 2129 1122 est:
2191 1054 2373 1118 Anno
2431 1054 2704 1137 proximo

269 1154 527 1221 veniam
586 1173 796 1220 rursus
855 1155 934 1221 ad
991 1156 1053 1219 te
1113 1155 1617 1240 (promissionem
1682 1174 1885 1220 meam
1943 1155 2361 1241 impleturus),
2426 1154 2488 1219 et
2531 1154 2733 1235 Sara,-

269 1256 504 1341 conjux
567 1257 674 1321 tua
751 1256 986 1321 sterilis
1055 1256 1119 1320 et
1176 1257 1405 1335 vetula,
1473 1256 1676 1322 filium
1742 1257 1956 1339 pariet.
2046 1258 2121 1321 In
2182 1260 2318 1322 tota
2374 1275 2703 1340 argumen-

271 1358 515 1423 tatione
560 1358 677 1423 hac
734 1358 1084 1423 considerat
1147 1376 1192 1422 s.
1243 1358 1561 1441 apostolus
1618 1356 1946 1423 historiam
2005 1358 2347 1423 Abrahami
2404 1361 2702 1439 tauquam

269 1463 561 1543 typum
605 1458 800 1524 futuri
859 1458 1034 1543 regni
1089 1459 1426 1540 Messiani,
1493 1459 1879 1525 oeconomiae
1953 1477 2162 1538 novae,
2200 1459 2302 1550 ¹N.
2366 1459 2456 1537 T„
2520 1462 2703 1540 atque

270 1560 419 1626 vult
484 1560 716 1625 dicere:
777 1559 950 1626 Sicut
1006 1579 1130 1626 nou
1191 1576 1408 1626 omnes
1466 1560 1596 1640 filii,
1658 1580 1808 1644 quos
1864 1561 2265 1627 Abrahamus
2323 1560 2700 1640 naturaliter,

273 1662 318 1725 i.
371 1681 424 1725 e.
479 1662 611 1727 sola
653 1661 926 1727 naturali
985 1662 1282 1746 gignendi
1340 1662 1592 1742 virtute,
1654 1663 2019 1745 procreavit,
2066 1661 2409 1745 computati
2452 1663 2595 1726 sunt
2638 1661 2702 1726 in

269 1762 385 1827 illo
449 1762 704 1840 semine,
766 1761 862 1827 cui
919 1762 1122 1828 factae
1179 1767 1323 1829 sunt
1379 1763 1835 1847 promissiones
1898 1784 2006 1829 seu
2067 1764 2368 1847 assumpti
2431 1765 2578 1827 sunt
2638 1762 2703 1826 in

271 1862 706 1947 progenitores
768 1865 982 1948 populi
1041 1865 1226 1929 electi
1267 1866 1342 1932 V.
1389 1866 1482 1945 T„
1543 1867 1649 1931 sed
1706 1868 1950 1931 tantum
2015 1867 2291 1944 Isaac,
2343 1865 2449 1947 qui
2494 1865 2553 1929 vi
2598 1864 2703 1929 di-

276 1965 525 2030 vinae
568 1966 1166 2049 promissionis
1211 1970 1273 2031 et
1316 1968 1641 2051 gratiae
1701 1967 2060 2050 progenitus
2105 1967 2243 2047 fuit,
2304 1970 2703 2050 computatus

273 2070 374 2131 est
421 2084 602 2131 verus
646 2066 936 2133 Abrahae
979 2068 1146 2133 filius
1189 2076 1374 2151 atque
1443 2072 1807 2151 assumptus
1867 2068 1933 2131 in
1989 2068 2443 2152 progenitorem
2490 2069 2704 2151 populi

275 2168 472 2232 electi
492 2167 568 2232 V.
609 2168 678 2234 T.
728 2206 810 2215 —
853 2170 944 2234 ita
989 2170 1178 2235 etiam
1225 2170 1472 2254 adoptio
1514 2171 1578 2235 in
1624 2171 1922 2255 populum
1943 2169 2054 2234 Dei
2102 2169 2180 2235 N.
2206 2170 2300 2250 T„
2335 2188 2443 2234 seu
2490 2169 2703 2235 electio

273 2270 360 2334 ad
404 2288 633 2335 novam
701 2271 1123 2337 oeconomiam
1191 2275 1255 2336 et
1319 2272 1396 2337 ad
1460 2272 1624 2337 bona
1684 2272 1748 2335 in
1808 2289 1881 2334 ea
1947 2270 2268 2354 promissa,
2329 2270 2702 2336 nominatim

275 2371 356 2435 ad
417 2369 972 2455 justificationem,
1039 2391 1161 2437 non
1228 2376 1324 2437 est
1381 2372 1520 2455 Jure
1585 2372 2002 2455 generationis
2068 2374 2357 2452 carnalis,
2428 2374 2536 2438 sed
2602 2375 2698 2437 est

272 2476 918 2555 supernaturale
997 2473 1448 2539 indebitum
1530 2473 2036 2539 beneficium
2099 2473 2269 2541 Dei.
2380 2474 2469 2539 Ex
2533 2474 2703 2539 hisce

271 2572 461 2637 dictis
519 2577 729 2640 autem
776 2576 1187 2658 consequitur,
1255 2576 1582 2640 verbum
1628 2576 1771 2640 Dei
1840 2593 1991 2640 non
2035 2576 2414 2641 excidisse
2460 2573 2541 2660 (v.
2589 2575 2699 2659 6.),

273 2694 656 2759 quamquam
719 2677 996 2760 plerique
1055 2677 1481 2742 Israelitarum
1541 2693 1664 2742 non
1723 2677 2076 2760 pertineant
2119 2678 2197 2742 ad
2241 2678 2540 2760 populum
2587 2676 2703 2741 Dei

273 2776 352 2841 N.
401 2776 496 2856 T„
546 2796 735 2859 quum
781 2778 865 2857 hi,
912 2781 1129 2862 utpote
1175 2777 1470 2844 increduli
1516 2778 1791 2862 adeoque
1851 2797 1964 2842 nec
2028 2778 2192 2844 sicut
2252 2779 2430 2844 Isaac
2489 2797 2701 2861 super-

275 2878 648 2944 naturaliter
711 2880 876 2958 nati,
941 2899 1063 2945 non
1128 2880 1173 2945 ii
1239 2883 1445 2945 essent
1509 2880 1862 2960 Israelitae‚
1949 2880 2026 2944 ad
2092 2898 2243 2962 quos
2308 2880 2521 2944 illud
2583 2878 2703 2944 Dei

271 2978 604 3044 verbum
649 2980 1018 3064 pertinebat.
1589 3014 1596 3018 ·

483 3081 556 3146 V.
608 3084 703 3148 10.
753 3083 946 3160 „Non
989 3081 1184 3147 solum
1226 3092 1447 3161 autem,
1505 3081 1612 3146 sed
1668 3082 1851 3146 etiam
1894 3079 2183 3161 Rebecca,
2243 3101 2399 3166 quae
2439 3100 2516 3144 βω
2556 3102 2699 3159 uno,

272 3183 520 3263 IsaacO,
551 3193 740 3269 patre
800 3193 1026 3264 nostro,
1080 3206 1274 3249 semen
1332 3182 1649 3249 habebat.“
1734 3184 1935 3249 Versu
1996 3183 2113 3267 hoc
2174 3185 2238 3245 et
2296 3180 2698 3264 sequentibus

269 3303 470 3368 usque
517 3286 596 3350 ad
640 3304 699 3351 v.
729 3287 825 3351 13.
866 3286 1186 3367 inclusive,
1227 3286 1570 3352 evidentius
1603 3284 1900 3368 probat
1946 3303 2017 3347 ex
2061 3283 2359 3348 electione
2383 3282 2427 3347 J
2442 3280 2696 3360 acobi,

271 3386 642 3453 electionem
701 3388 779 3452 ad
840 3388 1259 3453 oeconomiam
1319 3389 1461 3453 novi
1522 3386 1934 3463 Testamenti,
2004 3404 2113 3449 seu
2159 3384 2552 3467 adoptionem
2620 3383 2699 3449 ad

269 3488 580 3573 populum
642 3490 913 3555 electum
971 3488 1050 3554 N.
1112 3490 1181 3555 T.
1230 3493 1292 3555 et
1350 3490 1430 3555 ad
1485 3489 1651 3555 bona
1709 3488 1763 3553 ei
1822 3486 2143 3572 promissa,
2206 3485 2574 3551 nominatim
2620 3485 2700 3549 ad

262 3588 803 3673 justificationem,
845 3610 982 3657 esse
1020 3591 1518 3675 gratuitam,
1563 3591 1855 3672 nulloque
1886 3575 2026 3672 jure
2066 3587 2359 3653 debitam.
2383 3622 2469 3635 -
2492 3585 2698 3665 Quum

269 3692 458 3771 huic,
529 3693 690 3774 quod
758 3692 940 3758 modo
1011 3693 1333 3776 apostolus
1401 3692 1474 3756 de
1541 3690 1895 3757 Ismaele
1964 3691 2026 3753 et
2092 3687 2375 3753 Isaaco
2442 3687 2697 3766 dixerat,

268 3793 500 3877 opponi
517 3795 842 3877 potuisset,
889 3796 1227 3860 Ismaelem
1251 3794 1548 3878 rejectum
1592 3793 1806 3870 fuisse,
1855 3791 1997 3873 quia
2019 3810 2089 3854 ex
2120 3789 2326 3874 Agare
2371 3786 2697 3853 ancilla

267 3894 523 3977 genitus
570 3899 718 3973 erat,
768 3896 1057 3960 Isaacum
1102 3914 1246 3962 vero
1292 3896 1562 3960 electum
1605 3893 1812 3973 fuisse,
1877 3891 2025 3975 quia
2079 3911 2148 3955 ex
2194 3890 2361 3980 Sara,
2431 3889 2698 3954 libera

267 4014 453 4061 uxore
514 3998 577 4060 et
622 3997 973 4075 domina,
1034 4000 1389 4080 procreatus
1435 3998 1532 4061 est
1589 4033 1649 4043 -
1702 3994 2013 4078 apostolus
2060 4010 2222 4058 nunc
2279 3992 2437 4055 hanc
2481 4005 2697 4071 excep-

268 4098 512 4162 tionem
558 4100 1139 4181 praeoccupaturus,
1187 4098 1356 4162 aliu
1378 4098 1418 4161 d
1476 4095 1707 4179 profert
1763 4092 2217 4180 argumentum,
2280 4092 2536 4155 ductum
2581 4090 2697 4154 sci-

266 4200 424 4263 licet
471 4217 508 4263 a
551 4199 778 4283 typicis
825 4200 1103 4282 personis
1148 4200 1192 4266 J
1210 4200 1458 4265 acobi
1501 4202 1563 4263 et
1607 4198 1846 4276 Esau,
1909 4217 1980 4261 ex
2037 4194 2261 4277 quibus
2322 4193 2487 4256 Deus
2538 4191 2695 4274 jam,

272 4303 610 4384 antequam
658 4300 790 4365 nati
836 4303 1064 4378 essent,
1113 4301 1376 4365 alterum
1426 4300 1496 4385 (J
1513 4298 1872 4382 acobum)
1921 4293 2309 4362 solummodo
2356 4293 2698 4375 assumpsit

269 4402 350 4466 ad
409 4400 778 4486 dignitatem
835 4401 1377 4485 patriarchae
1435 4405 1499 4467 et
1560 4400 2179 4485 progenitorem
2244 4395 2456 4480 populi
2515 4395 2698 4459 electi

269 4503 497 4571 veteris
543 4503 952 4588 Testamenti,
997 4503 1165 4569 Esau
1210 4506 1420 4568 autem
1479 4522 1599 4569 non
1667 4502 2023 4585 assumpsit,
2087 4517 2462 4584 quamquam
2510 4496 2697 4564 ambo
