3234 4992
1297 195 1409 251 cap.
1435 199 1556 243 m
1581 209 1629 241 v.
1658 200 1825 242 ιιι-ιο.
2647 206 2773 273 247

345 382 590 446 diorum
638 383 702 446 et
749 381 1170 448 doctrinarum
1217 383 1518 449 falsarum
1581 388 1863 449 auctores
1909 385 2075 462 sunt,
2119 386 2543 471 praedicantes
2587 388 2772 453 nimi-—

343 503 485 547 rum
537 485 906 562 doctrinam,
955 487 1329 550 contrariam
1379 486 1714 565 doctrinae,
1762 506 1946 569 quam
1994 506 2103 552 vos
2148 487 2289 552 viva
2311 506 2459 553 voce
2501 489 2579 554 ab
2624 507 2771 573 apo-

343 585 525 649 stolis
571 586 787 649 edocti
821 588 989 651 estis.
1037 624 1124 633 —-
1166 588 1358 651 Hisce
1405 588 1606 652 verbis
1672 606 1816 670 ergo
1873 588 2169 653 admonet
2211 590 2285 652 de
2329 590 2579 655 vitando
2623 610 2770 674 quo-

345 687 618 751 rundam
667 688 1251 769 pseudo-doctorum
1289 690 1613 760 consortio.
1661 689 2033 754 Dissidia
2077 689 2227 753 dicit
2272 691 2336 754 et
2381 693 2772 757 scandala

341 790 766 872 metonymice
829 790 1145 873 (effectum
1203 809 1311 873 pro
1371 790 1579 872 causa)
1646 809 1755 873 pro
1817 792 1971 873 ipsis
2036 791 2521 857 auctoribus
2582 794 2768 857 dissi-

339 890 586 953 diorum
637 890 700 953 et
746 892 1195 955 scandalorum.
1285 891 1406 955 Per
1451 892 1845 956 scandala
1902 892 2340 974 intelligendae
2385 895 2529 957 sunt
2573 894 2768 959 falsae

339 991 699 1068 doctrinae3
745 991 810 1054 id
854 995 1030 1073 patet
1065 1010 1137 1055 ex
1169 993 1416 1056 addito:
1465 1010 1668 1075 quae
1713 996 1904 1056 sunt
1948 995 2241 1056 contra
2284 993 2764 1062 doctrinam.

341 1090 509 1172 πικροὶ
577 1093 876 1175 sequente
932 1093 1287 1158 accusativo
1345 1097 1557 1158 notat:
1635 1096 1941 1157 contra.
2030 1093 2251 1169 Porro,
2328 1111 2520 1176 quum
2582 1095 2767 1161 dicit:

339 1198 638 1258 contra
681 1194 1184 1272 doctrinam,
1245 1213 1432 1276 quam
1492 1194 1955 1271 didicistis,
2014 1195 2053 1258 i.
2102 1214 2151 1258 6.
2200 1194 2382 1258 viva
2438 1212 2631 1260 voce
2689 1197 2768 1261 ab

339 1296 642 1378 apostolis
689 1296 889 1359 edocti
923 1296 1091 1373 66116,
1138 1300 1201 1360 et
1246 1314 1366 1359 non
1391 1297 1576 1361 dicit:
1623 1298 1905 1360 contra
1949 1296 2495 1378 scripturam,
2542 1297 2763 1374 elucet,

337 1397 550 1460 locum
600 1397 766 1461 hunc
810 1398 1178 1479 praeprimis
1230 1397 1431 1461 facere
1489 1415 1599 1479 pro
1659 1397 2107 1460 traditione
2171 1414 2293 1460 non
2353 1397 2586 1479 scripta
2643 1396 2763 1482 (Of.

335 1498 603 1581 Estius).
659 1534 731 1543 —
779 1498 909 1578 „Et
966 1497 1267 1562 declinate
1321 1497 1400 1561 ab
1448 1500 1595 1577 eis‘ss
1654 1498 1691 1561 i.
1741 1517 1793 1561 e.
1843 1497 2041 1580 fugite
2100 1497 2474 1561 consortium
2532 1516 2761 1562 eorum.

547 1600 622 1663 V.
675 1599 770 1663 18.
798 1600 1305 1689 ·„Hujuscemodi
1358 1600 1517 1663 enim
1571 1600 1840 1662 Domino
1898 1608 2103 1662 nostro
2170 1596 2405 1663 Christo
2466 1621 2588 1662 non
2647 1620 2765 1661 ser-

333 1701 589 1781 viunt;“
647 1702 686 1765 i.
753 1721 802 1765 e.
849 1702 1006 1765 tales
1067 1702 1230 1765 enim
1295 1686 1582 1765 honiines
1645 1698 1875 1764 Christi
1937 1700 2201 1783 gloriam
2264 1716 2387 1763 non
2446 1700 2763 1783 quaerunt.

340 1841 414 1849 —-
468 1802 640 1881 „Sed
697 1823 806 1865 suo
863 1804 1124 1881 ventri‘ss
1181 1804 1218 1867 i.
1269 1823 1318 1867 e.
1381 1802 1808 1885 voluptatibus
1882 1806 1944 1866 et
2002 1802 2445 1883 cupiditatibus
2476 1848 2484 1857 .
2510 1821 2764 1867 sensua-

334 1905 507 1968 libus
555 1905 849 1983 serviunt,
895 1906 1262 1987 quaerentes
1319 1905 1638 1980 nimirum,
1703 1904 1865 1967 unde
1923 1906 2090 1968 laute
2149 1906 2359 1969 vivant
2420 1906 2483 1967 et
2542 1906 2761 1987 gulam

337 2024 521 2070 suam
570 2006 873 2089 expleant.
923 2004 1043 2089 (Of.
1109 2006 1271 2070 Phil.
1317 2006 1377 2083 3,
1428 2006 1576 2089 19.).
1639 2043 1717 2050 —
1779 2005 1908 2085 „Et
1959 2003 2247 2068 suavibus
2305 2014 2482 2091 atque
2526 2003 2763 2069 blandi-

335 2106 535 2191 loquis
577 2105 951 2169 sermonibus
993 2105 1305 2191 decipiunt
1345 2106 1538 2169 corda
1579 2105 2010 2190 simplicium.“
2093 2106 2476 2187 χρηστολογία
2518 2109 2579 2192 (a
2620 2130 2761 2188 χρη-

333 2207 499 2283 στὸς,
563 2208 790 2286 suavis,
851 2210 914 2271 et
969 2206 1178 2290 λόγος)
1240 2210 1386 2272 sunt
1432 2226 1656 2272 suaves
1716 2225 2046 2271 sermones,
2136 2206 2365 2289 εὐλογία
2429 2211 2573 2273 sunt
2636 2227 2762 2272 ser-

336 2328 556 2374 mones
604 2308 1004 2391 blandiloqui.
1093 2308 1314 2377 ἄκακος
1373 2307 1472 2390 (ex
1514 2332 1553 2368 α
1595 2309 1746 2392 priv.
1796 2312 1858 2372 et
1902 2305 2106 2392 κακός)
2151 2310 2246 2374 est
2288 2310 2439 2375 mali
2484 2329 2592 2375 seu
2638 2309 2761 2374 doli

335 2426 568 2494 experS‚
616 2429 760 2493 ergo
807 2411 1160 2493 simplex
1205 2408 1484 2493 (animo),
1534 2428 1644 2473 seu
1688 2408 1850 2487 talis,
1898 2410 2020 2492 qui,
2080 2412 2173 2475 uti
2216 2411 2347 2493 ipse
2402 2412 2600 2476 bonus
2642 2411 2757 2487 est,

335 2512 430 2575 ita
475 2529 590 2574 nec
636 2510 700 2574 in
745 2512 886 2575 aliis
932 2512 1268 2593 quidquam
1316 2510 1468 2574 mali
1510 2510 1694 2575 facile
1740 2512 2105 2594 suspicatur.

536 2610 611 2675 V.
678 2612 772 2676 19.
838 2660 879 2689 „
897 2612 1115 2675 Vestra
1171 2612 1331 2675 eni-m
1391 2610 1732 2675 obedientia
1791 2611 1879 2674 ad
1934 2634 2135 2676 omnes
2181 2612 2526 2699 pervenit.“
2611 2611 2764 2675 Vult

336 2712 572 2776 dicere:
635 2712 796 2776 Nam
841 2713 1013 2777 fama
1054 2712 1199 2776 fidei
1245 2715 1488 2776 vestrae
1533 2713 1610 2776 ad
1656 2730 1877 2777 omnes
1941 2715 2237 2795 pervenit.
2325 2714 2511 2777 Hisce
2557 2712 2761 2775 verbis

334 2813 685 2876 alteram
733 2815 840 2877 dat
883 2814 1212 2888 rationem,
1260 2831 1368 2876 cur
1414 2813 1712 2877 falsorum
1760 2813 2008 2877 illorum
2034 2814 2354 2877 doctorum
2380 2812 2755 2878 consortium

343 2916 564 2997 fugere
609 2914 892 2993 debeant,
940 2934 1016 2978 ne
1060 2914 1378 2991 nimirum,
1445 2914 1499 2975 si
1561 2912 1736 2976 falsis
1794 2914 1919 2977 illis
1965 2915 2311 2978 doctoribus
2357 2932 2532 2977 aures
2584 2932 2759 2996 prae-

337 3014 551 3091 beant,
611 3015 878 3080 famae
936 3016 1234 3091 bonae,
1302 3031 1489 3094 quam
1548 3014 1665 3076 sibi
1724 3016 2090 3094 paraverant
2146 3015 2222 3078 ob
2280 3014 2469 3077 fidem
2531 3012 2756 3079 Christi

337 3120 716 3198 susceptam,
764 3116 1174 3180 maculam
1217 3114 1501 3178 inferant.
1571 3113 1825 3195 ὑπακοή,
1868 3114 2251 3190 obedientia3
2296 3114 2357 3177 b.
2402 3115 2440 3178 l.
2490 3115 2569 3178 ob
2614 3133 2759 3179 con-

335 3218 577 3281 textum
647 3219 746 3280 est
808 3216 1160 3281 obedientia
1225 3234 1332 3297 per
1395 3214 1583 3278 fidem
1632 3214 1875 3279 Christo
1942 3217 2265 3297 praestita,
2334 3235 2443 3280 seu
2510 3216 2755 3282 fides.

338 3317 426 3382 Of.
480 3319 538 3396 1,
583 3318 641 3381 5.
697 3355 766 3363 -
815 3316 1124 3396 „Gaudeo
1184 3316 1375 3401 i9itur
1427 3314 1504 3377 de
1544 3314 1791 3395 vobis‚·“
1856 3317 2030 3399 quasi
2096 3318 2365 3381 diceret:
2434 3317 2531 3383 Ob
2595 3320 2757 3383 hanc

332 3420 528 3503 igitur
571 3422 847 3483 vestram
910 3418 1100 3481 fidem
1161 3417 1421 3500 gaudeo,
1467 3454 1553 3462 -—
1595 3415 1767 3496 „Sed
1808 3416 1943 3480 volo
2000 3418 2463 3503 vos'sapientes
2519 3419 2761 3505 quidem

332 3542 457 3583 esse
501 3520 589 3583 ad
633 3519 872 3597 bonum,
916 3518 1218 3605 simplices
1259 3540 1399 3582 vero
1443 3519 1531 3582 ad
1572 3517 1883 3599 malum,·“
1926 3519 2101 3600 quasi
2146 3519 2414 3593 diceret:
2461 3520 2557 3584 Ne
2602 3521 2755 3585 haec

333 3627 574 3690 vestrae
640 3621 786 3685 fidei
855 3623 1096 3703 puritas
1167 3620 1546 3697 obscuretur,
1614 3621 1751 3684 volo
1810 3637 1920 3683 vos
1980 3619 2459 3703 circumspectos
2506 3624 2569 3685 et
2610 3623 2757 3704 Pru-

331 3723 546 3790 dentes
608 3742 766 3799 esse,
825 3723 985 3804 quod
1049 3722 1128 3786 ad
1186 3722 1418 3786 bonum
1479 3721 1720 3795 attinet,
1780 3739 1855 3783 ne
1914 3720 2211 3784 nimirum
2274 3721 2673 3803 decipiamini
2718 3740 2755 3785 a

327 3823 504 3889 falsis
570 3823 961 3898 doctoribus;
1023 3823 1340 3905 simplices
1401 3840 1544 3886 vero
1604 3840 1711 3885 vos
1770 3840 1905 3884 esse
1950 3822 2106 3899 volo,
2168 3822 2330 3903 quod
2386 3822 2613 3885 attinet
2674 3823 2752 3885 ad

329 3927 594 4001 malum,
641 3929 712 3989 ut
757 3924 997 3988 scilicet
1044 3924 1276 3987 nemini
1319 3942 1535 3987 nocere
1579 3923 1858 3986 valeatis,
1950 3920 2229 4003 ἀκέραιος
2271 3923 2371 4006 (ex
2412 3945 2452 3982 α
2494 3922 2647 4003 priv.
2692 3925 2755 3986 et

325 4025 660 4108 κεράννυμι,
707 4025 964 4108 misceo)
1008 4025 1284 4107 proprie:
1330 4042 1452 4087 non
1499 4023 1748 4100 mixtuS,
1795 4024 1937 4087 dein
1983 4023 2261 4105 simplex,
2306 4024 2621 4087 innocens,

535 4128 612 4191 V.
659 4128 760 4191 20.
808 4127 1021 4204 „Deus
1065 4134 1264 4188 autem
1298 4126 1478 4210 pacis
1521 4134 1777 4187 conteret
1810 4124 2113 4189 Satanam
2155 4124 2264 4187 sub
2299 4123 2487 4209 pedes
2526 4133 2752 4188 vestros

327 4228 667 4292 celeriterf‘
762 4228 916 4292 Vult
979 4227 1211 4291 dicere:
1281 4228 1447 4290 Deus
1514 4231 1757 4304 autem,
1827 4228 1999 4309 pacis
2066 4227 2280 4291 auctor
2344 4228 2407 4290 et
2469 4227 2743 4309 largitor,

327 4330 651 4407 Satanam,
717 4328 820 4411 qui
881 4348 992 4411 per
1047 4328 1236 4393 falsos
1296 4328 1437 4391 illos
1497 4328 1791 4406 doctores,
1856 4328 2173 4393 ministros
2232 4346 2393 4420 suos,
2448 4346 2557 4393 vos
2599 4346 2741 4392 con-

324 4432 542 4499 turbat
601 4432 662 4495 et
722 4429 998 4514 decipere
1063 4432 1338 4511 conatur,
1405 4428 1526 4494 cito
1582 4429 1846 4519 pedibus
1904 4430 2129 4495 vestris
2189 4429 2543 4518 subjectum
2602 4448 2745 4499 con·
