3234 4992
446 286 488 349 6
967 295 972 302 ·
1486 278 1833 330 prolegomena.

451 467 667 533 eodem
711 466 893 531 modo
937 466 1181 530 Petro
1224 465 1460 543 tribuit,
1508 483 1625 548 quo
1672 463 2259 530 Corinthiacae
2302 461 2599 528 ecclesiae
2623 461 2871 546 planta-

452 568 684 632 tionem
729 567 982 632 Paulo
1050 565 1242 650 (apud
1284 565 1509 631 Euseb.
1555 565 1702 630 hist.
1752 565 1899 631 eccl.
1945 565 2026 629 H.
2070 582 2121 629 c.
2170 562 2318 647 25.)
2407 563 2742 628 Testantur
2809 563 2875 627 id

453 684 666 751 porro:
737 666 1139 732 Eusebius
1206 665 1380 750 (hist.
1446 666 1594 732 eccl.
1657 666 1736 730 II.
1786 665 2052 730 14—17.
2115 665 2252 730 coll.
2314 681 2475 730 cum.
2525 662 2871 748 Chronico),

452 768 698 834 Hiero
720 787 1003 852 nymus
1048 767 1151 851 (de
1174 767 1322 834 viris
1343 768 1536 832 illust.
1563 768 1643 832 ad
1675 785 1903 832 nomen
1923 765 2119 850 Petri)
2144 768 2207 830 et
2247 764 2525 830 Paulus
2570 762 2874 830 Orosius

452 869 624 952 (hist.
670 869 780 935 lib.
826 869 968 934 VII.
1017 887 1068 934 c.
1115 868 1223 952 6.),
1271 887 1318 933 S.
1366 868 1709 952 Augustini
1778 871 1841 933 et
1884 865 2251 951 Hieronymi
2313 865 2699 944 coaetaneus,
2770 864 2875 947 qui

453 971 684 1052 dicunt,
731 969 990 1036 Petrum
1035 970 1150 1036 sub
1199 969 1543 1035 Claudio
1591 968 1873 1047 Caesare,
1939 969 2003 1033 et
2046 967 2293 1050 quidem
2348 967 2528 1050 juxta
2588 967 2874 1030 sanctum

453 1072 910 1156 Hieronymum
957 1071 1316 1136 secundo
1362 1088 1540 1150 anno,
1579 1070 1761 1154 juxta
1802 1069 2140 1135 Eusebium
2184 1069 2247 1134 et
2286 1068 2556 1134 Paulum
2579 1066 2870 1134 Orosium

455 1173 792 1238 exordio
836 1172 1013 1256 regni
1071 1172 1225 1256 eJ'us,
1290 1172 1617 1238 Romam
1680 1172 1965 1250 venisse,
2033 1170 2465 1236 verosimiliter
2520 1169 2681 1254 (coll.
2729 1168 2869 1232 Act.

457 1273 560 1353 12,
626 1272 752 1358 17.)
797 1276 988 1355 post
1053 1272 1637 1339 liberationem
1702 1291 1882 1338 suam
1927 1291 1960 1336 e
2004 1289 2246 1336 carcere
2288 1288 2449 1336 anno
2494 1270 2593 1335 42.
2643 1269 2864 1354 (quum

455 1374 536 1440 ab
581 1375 698 1439 hoc
740 1375 1016 1458 tempore
1042 1388 1254 1456 ¹usque
1291 1374 1371 1439 ad
1392 1373 1719 1439 concilium
1764 1372 2419 1456 Hierosolymitanum,
2464 1371 2502 1436 i.
2532 1389 2582 1436 e.
2610 1370 2688 1436 ab
2710 1386 2870 1435 anno

453 1475 724 1542 42-52.
772 1476 848 1541 de
893 1474 1028 1558 ejus
1093 1475 1441 1558 praesentia
1499 1475 1563 1539 in
1628 1473 1877 1540 Oriente
1920 1475 1983 1539 et
2027 1474 2101 1539 de
2146 1473 2464 1539 activitate
2524 1472 2725 1556 ipsius
2786 1471 2877 1535 nil

459 1575 1021 1661 commemoretur),
1087 1576 1297 1658 ibique
1363 1575 1894 1660 evangelium
1956 1575 2367 1658 praedicasse,
2436 1572 2878 1638 ecclesiam

455 1677 882 1755 fundasse,
923 1712 1002 1724 -
1053 1677 1115 1742 et
1171 1676 1385 1742 exinde
1444 1694 1555 1760 per
1613 1675 1697 1742 25
1762 1694 1953 1750 annos
2014 1675 2327 1760 (quamvis
2392 1693 2518 1740 non
2581 1673 2874 1739 continuo

454 1778 689 1843 Romae
733 1777 1210 1860 commoratum)
1256 1777 1548 1842 ecclesiae
1611 1777 1780 1842 illius
1826 1777 2185 1861 episcopum
2229 1775 2442 1842 fuisse.
2532 1774 2876 1840 Veritatem

365 1944 378 1955 ,
461 1877 647 1962 hujus
692 1876 780 1944 rei
829 1877 1202 1944 confirmant
1247 1879 1436 1943 etiam
1483 1877 1901 1960 antiquissimi
1944 1878 2305 1962 catalogi
2346 1877 2879 1942 Romanorum

459 1977 1012 2046 Pontificum:
1077 1981 1378 2045 nimirum
1446 1980 1765 2063 catalogus
1828 1979 1972 2045 Lib
1993 1979 2146 2043 erii
2213 1979 2293 2064 (a.
2340 1978 2513 2061 352.)
2565 1981 2626 2042 et
2670 1977 2876 2042 multo

458 2082 771 2163 antiquior
813 2081 1133 2165 catalogus
1187 2081 1401 2164 Hipp
1423 2080 1631 2164 olyti
1696 2080 1773 2165 (a.
1821 2080 2026 2164 234.);
2088 2080 2251 2146 unde
2310 2083 2473 2145 recte
2540 2076 2873 2162 colligitur,

455 2182 852 2248 traditionem
916 2181 1078 2247 hanc
1139 2200 1271 2246 esse
1337 2201 1410 2245 ex
1475 2181 1719 2246 saeculo
1764 2181 1859 2260 1.;
1920 2185 2229 2246 testantur
2284 2199 2461 2264 porro
2519 2181 2584 2245 id
2650 2197 2869 2246 omnes

457 2283 836 2348 recensiones
879 2282 1089 2347 libri
1132 2281 1716 2362 Pontificalis,
1762 2283 2197 2368 catalogus
2243 2282 2723 2347 Felicianus
2768 2279 2879 2365 (ab

457 2401 510 2448 a.
537 2384 677 2449 530.
704 2401 897 2466 usque
919 2384 1000 2449 ad
1021 2383 1260 2466 Papam
1283 2383 1556 2449 Felicem
1577 2383 1738 2468 IV),
1766 2384 1829 2449 et
1851 2385 2103 2448 tandem
2146 2404 2235 2466 gr
2253 2383 2427 2449 aeci
2471 2401 2505 2447 c
2526 2381 2878 2465 atalogi,

459 2484 565 2567 qui
607 2501 823 2551 omnes
868 2484 1158 2562 referunt,
1205 2483 1464 2550 Petrum
1509 2484 1592 2550 25
1638 2485 1815 2550 annis
1860 2485 2185 2550 ecclesiam
2229 2484 2576 2550 Romanam
2620 2482 2877 2548 rexisse.

461 2583 668 2666 Quum
730 2585 987 2665 Petrus,
1057 2586 1306 2651 docente
1370 2605 1418 2650 s.
1480 2586 1977 2670 Hieronymo
2042 2585 2145 2670 (de
2206 2586 2354 2651 viris
2398 2585 2620 2650 illustr.
2668 2602 2719 2649 c.
2772 2583 2879 2666 1.),

339 2765 354 2777 ·
460 2705 620 2752 anno
664 2678 765 2752 ’67.
813 2687 1183 2771 martyrium
1227 2686 1538 2767 subiisset,
1586 2687 1743 2768 ideo,
1789 2688 1841 2752 si
1880 2689 2061 2772 juxta
2102 2687 2271 2771 prius
2296 2686 2493 2752 allata
2516 2685 2880 2751 testimonia

457 2787 861 2854 Pontificatus
908 2787 1040 2873 ejus
1083 2789 1404 2854 Romanus
1448 2790 1532 2854 25
1576 2790 1757 2855 annis
1816 2790 2174 2868 duraverat,
2242 2788 2506 2854 debebat
2568 2805 2729 2852 anno
2773 2787 2875 2851 42.

462 2888 897 2974 Hierosolyma
939 2889 1206 2955 Romam
1250 2890 1474 2970 venire,
1521 2890 1586 2955 in
1632 2909 1815 2974 quem
1860 2908 2093 2977 annum
2139 2888 2332 2954 etiam
2376 2889 2484 2954 ille
2529 2906 2566 2953 a
2611 2906 2659 2953 s,
2705 2887 2879 2953 Luca

463 2989 636 3076 (Act.
666 2991 929 3076 12,·17.)
953 2990 1474 3056 commemoratus
1498 2989 1673 3055 Petri
1716 2991 1989 3056 disces
2009 3011 2037 3055 s
2058 3011 2147 3056 us
2191 2991 2270 3056 in
2314 2990 2563 3057 alium
2610 2989 2878 3054 locum

359 3175 371 3192 .
457 3093 698 3159 incidit.
747 3093 1137 3160 Claudius
1183 3091 1410 3157 Caesar
1451 3091 1749 3157 nimirum
1792 3092 2048 3176 primo
2094 3111 2252 3158 anno
2298 3091 2542 3175 imperii
2588 3090 2704 3169 sui,
2751 3089 2790 3154 i.
2818 3107 2879 3154 e.

461 3213 620 3260 anno
662 3195 761 3260 41.
811 3193 1214 3260 Herodem
1259 3193 1715 3278 Agrippam
1778 3193 2058 3259 instituit
2101 3213 2312 3279 regem
2377 3191 2671 3258 Judaeae.
2761 3190 2884 3256 Hic

460 3296 668 3380 itaque
712 3297 989 3380 proximo
1031 3295 1468 3380 paschatis
1531 3295 1712 3375 feste,
1776 3312 1919 3380 ergo
1965 3313 2001 3359 a
2042 3295 2166 3375 42.,
2230 3296 2483 3360 venerat
2525 3294 2591 3357 in
2655 3308 2881 3358 novam

461 3415 640 3462 suam
686 3397 1073 3480 metropolin,
1120 3397 1811 3480 Hierosolymam,
1858 3400 2041 3480 atque
2086 3396 2162 3461 ad
2186 3395 2565 3462 Judaeorum
2608 3392 2881 3477 gratiam

461 3496 835 3582 captandam
893 3495 938 3562 J
957 3515 1043 3561 ac
1064 3498 1154 3562 ob
1175 3516 1297 3562 um
1359 3497 1586 3576 occidi,
1647 3497 1972 3563 Petrum
2037 3515 2179 3563 vero
2246 3493 2611 3560 incarcerari
2666 3493 2879 3578 jussit.

463 3597 529 3663 Si
573 3597 782 3681 itaque
825 3595 1046 3662 Petrus
1071 3615 1125 3661 a.
1155 3597 1255 3661 42.
1281 3597 1715 3681 Hierosolyma
1753 3598 1835 3664 in
1879 3598 2131 3663 alium
2176 3597 2440 3662 locum
2488 3594 2879 3676 discesserat,

461 3700 578 3764 hoc
622 3715 783 3764 anno
828 3700 1038 3762 autem
1084 3697 1280 3781 ipsius
1303 3697 1713 3764 Pontificatus
1747 3699 2066 3765 Romanus
2091 3716 2201 3781 per
2222 3695 2306 3762 25
2330 3715 2523 3762 annos
2544 3696 2879 3780 inceperat,

460 3800 676 3884 utique
720 3819 831 3884 per
872 3799 1050 3864 illum
1095 3800 1361 3865 locum
1407 3799 1655 3864 alium
1702 3799 1889 3864 debet
1950 3798 2193 3865 Roma
2256 3797 2545 3882 intelligi.
2580 3796 2625 3882 ¹)
2711 3797 2881 3862 Fun-

461 3903 776 3969 dationem
819 3900 1115 3966 ecclesiae
1157 3899 1475 3966 Romanae
1518 3900 1735 3967 tribuit
1777 3899 2025 3965 Petro
2071 3899 2347 3983 apostolo
2393 3898 2583 3964 etiam
2628 3899 2679 3964 Τ
2700 3899 2793 3963 he
2814 3916 2880 3963 o-

462 4003 800 4070 doretus
824 4052 839 4082 ,
907 4003 1015 4085 qui
1079 4002 1145 4067 in
1205 4002 1653 4068 commentario
1722 4019 1831 4068 suo
1895 4002 1961 4067 in
2026 4002 2392 4084 epistolam.
2424 4001 2503 4067 ad
2566 4000 2882 4067 Romanos

463 4104 570 4189 (ad
619 4106 675 4182 1,
725 4105 852 4188 11.)
900 4102 1084 4169 dicitz
1153 4103 1338 4188 „quia
1380 4104 1691 4187 primus
1756 4103 1845 4168 eis
1888 4121 2155 4187 magnus
2199 4104 2492 4169 Petrus
2538 4100 2880 4168 doctrinam

463 4207 884 4290 evangelicam
929 4204 1357 4288 praebuerat“.
1423 4203 1789 4270 Conferatur
1831 4205 2021 4270 etiam
2066 4203 2192 4271 Ire
2209 4225 2248 4270 n
2266 4223 2409 4271 aeu
2428 4223 2457 4270 s
2503 4203 2664 4288 (adv.
2712 4203 2877 4268 haer.

498 4523 532 4580 d
623 4440 714 4580 B¹)
727 4441 833 4580 731².
869 4438 1492 4511 Historisch-politische
1529 4437 1757 4506 Blatter,
1813 4439 2093 4509 Jahrgang
2134 4441 2282 4498 1873.
2320 4441 2368 4494 2.
2407 4439 2471 4494 Β.
2507 4439 2559 4493 S.
2596 4439 2883 4496 658-666.

463 4540 494 4580 o
535 4539 592 4580 er
677 4561 690 4578 .
792 4563 809 4584 .
