<?xml version="1.0" encoding="UTF-8"?>
<!DOCTYPE html PUBLIC "-//W3C//DTD XHTML 1.0 Transitional//EN"
    "http://www.w3.org/TR/xhtml1/DTD/xhtml1-transitional.dtd">
<html xmlns="http://www.w3.org/1999/xhtml" xml:lang="en" lang="en">
 <head>
  <title>
</title>
<meta http-equiv="Content-Type" content="text/html;charset=utf-8" />
  <meta name='ocr-system' content='tesseract 3.04.00' />
  <meta name='ocr-capabilities' content='ocr_page ocr_carea ocr_par ocr_line ocrx_word'/>
</head>
<body>
  <div class='ocr_page' id='page_1' title='image "./commentariusine00klofgoog_0073.png"; bbox 0 0 3234 4992; ppageno 0'>
   <div class='ocr_carea' id='block_1_1' title="bbox 1266 235 2719 313">
    <p class='ocr_par' dir='ltr' id='par_1_1' title="bbox 1266 235 2719 313">
     <span class='ocr_line' id='line_1_1' title="bbox 1266 235 2719 313; baseline 0 -31"><span class='ocrx_word' id='word_1_1' title='bbox 1266 235 1376 294; x_wconf 69' lang='lat'><strong>0⁸1».</strong></span> <span class='ocrx_word' id='word_1_2' title='bbox 1405 239 1484 284; x_wconf 76' lang='lat' dir='ltr'>lv.</span> <span class='ocrx_word' id='word_1_3' title='bbox 1508 249 1555 281; x_wconf 80' lang='lat' dir='ltr'>v.</span> <span class='ocrx_word' id='word_1_4' title='bbox 1581 239 1749 282; x_wconf 70' lang='lat'><strong>19-20.</strong></span> <span class='ocrx_word' id='word_1_5' title='bbox 2634 245 2719 313; x_wconf 78' lang='grc'>69</span> 
     </span>
    </p>
   </div>
   <div class='ocr_carea' id='block_1_2' title="bbox 270 427 2718 4474">
    <p class='ocr_par' dir='ltr' id='par_1_2' title="bbox 272 427 2718 1729">
     <span class='ocr_line' id='line_1_2' title="bbox 285 427 2711 514; baseline 0 -18"><span class='ocrx_word' id='word_1_6' title='bbox 285 447 376 496; x_wconf 87' lang='lat' dir='ltr'>ox</span> <span class='ocrx_word' id='word_1_7' title='bbox 388 445 740 514; x_wconf 87' lang='lat' dir='ltr'>ymoron.</span> <span class='ocrx_word' id='word_1_8' title='bbox 795 465 864 476; x_wconf 91' lang='lat'><em>-</em></span> <span class='ocrx_word' id='word_1_9' title='bbox 913 428 1052 508; x_wconf 81' lang='lat' dir='ltr'>„Ut</span> <span class='ocrx_word' id='word_1_10' title='bbox 1075 428 1260 513; x_wconf 76' lang='lat' dir='ltr'>fieret</span> <span class='ocrx_word' id='word_1_11' title='bbox 1289 437 1479 514; x_wconf 77' lang='lat' dir='ltr'>pater</span> <span class='ocrx_word' id='word_1_12' title='bbox 1519 427 1853 492; x_wconf 76' lang='lat' dir='ltr'>multarum</span> <span class='ocrx_word' id='word_1_13' title='bbox 1892 429 2221 514; x_wconf 74' lang='lat' dir='ltr'>qontiwm“.</span> <span class='ocrx_word' id='word_1_14' title='bbox 2306 427 2515 495; x_wconf 78' lang='lat' dir='ltr'>Verba</span> <span class='ocrx_word' id='word_1_15' title='bbox 2556 430 2711 496; x_wconf 85' lang='lat' dir='ltr'>haec</span> 
     </span>
     <span class='ocr_line' id='line_1_3' title="bbox 284 529 2718 615; baseline 0 -19"><span class='ocrx_word' id='word_1_16' title='bbox 284 531 643 615; x_wconf 84' lang='lat' dir='ltr'>exprimunt</span> <span class='ocrx_word' id='word_1_17' title='bbox 707 530 791 609; x_wconf 89' lang='lat' dir='ltr'>id,</span> <span class='ocrx_word' id='word_1_18' title='bbox 858 531 1019 613; x_wconf 92' lang='lat' dir='ltr'>quod</span> <span class='ocrx_word' id='word_1_19' title='bbox 1083 530 1485 596; x_wconf 86' lang='lat' dir='ltr'>Abrahamus</span> <span class='ocrx_word' id='word_1_20' title='bbox 1551 530 1829 596; x_wconf 80' lang='lat' dir='ltr'>eredidit.</span> <span class='ocrx_word' id='word_1_21' title='bbox 1877 567 1957 579; x_wconf 93' lang='lat'>—-</span> <span class='ocrx_word' id='word_1_22' title='bbox 2007 530 2398 613; x_wconf 65' lang='lat' dir='ltr'>„Secundum</span> <span class='ocrx_word' id='word_1_23' title='bbox 2454 529 2718 597; x_wconf 73' lang='lat' dir='ltr'>dictum.-</span> 
     </span>
     <span class='ocr_line' id='line_1_4' title="bbox 285 628 2706 717; baseline 0 -20"><span class='ocrx_word' id='word_1_24' title='bbox 285 629 396 697; x_wconf 68' lang='lat' dir='ltr'>Sco</span> <span class='ocrx_word' id='word_1_25' title='bbox 441 632 558 696; x_wconf 78' lang='lat' dir='ltr'>erit</span> <span class='ocrx_word' id='word_1_26' title='bbox 598 651 794 696; x_wconf 71' lang='lat' dir='ltr'>semen</span> <span class='ocrx_word' id='word_1_27' title='bbox 837 635 1069 696; x_wconf 77' lang='lat' dir='ltr'>tuum“.</span> <span class='ocrx_word' id='word_1_28' title='bbox 1114 628 1156 697; x_wconf 85' lang='lat' dir='ltr'>S</span> <span class='ocrx_word' id='word_1_29' title='bbox 1180 632 1250 696; x_wconf 85' lang='lat' dir='ltr'>io</span> <span class='ocrx_word' id='word_1_30' title='bbox 1292 630 1556 717; x_wconf 71' lang='grc' dir='ltr'>(οὕτως),</span> <span class='ocrx_word' id='word_1_31' title='bbox 1601 631 1899 698; x_wconf 89' lang='lat' dir='ltr'>nimirum</span> <span class='ocrx_word' id='word_1_32' title='bbox 1941 631 2410 712; x_wconf 85' lang='lat' dir='ltr'>innumerabile,</span> <span class='ocrx_word' id='word_1_33' title='bbox 2475 632 2569 698; x_wconf 85' lang='lat' dir='ltr'>uti</span> <span class='ocrx_word' id='word_1_34' title='bbox 2609 633 2706 698; x_wconf 89' lang='lat' dir='ltr'>in-</span> 
     </span>
     <span class='ocr_line' id='line_1_5' title="bbox 283 732 2713 818; baseline 0.001 -20"><span class='ocrx_word' id='word_1_35' title='bbox 283 732 712 798; x_wconf 82' lang='lat' dir='ltr'>numerabiles</span> <span class='ocrx_word' id='word_1_36' title='bbox 761 736 908 799; x_wconf 88' lang='lat' dir='ltr'>sunt</span> <span class='ocrx_word' id='word_1_37' title='bbox 953 733 1172 800; x_wconf 87' lang='lat' dir='ltr'>stellae</span> <span class='ocrx_word' id='word_1_38' title='bbox 1215 734 1386 800; x_wconf 84' lang='lat' dir='ltr'>eoeli.</span> <span class='ocrx_word' id='word_1_39' title='bbox 1475 734 1829 818; x_wconf 83' lang='lat' dir='ltr'>Respieitur</span> <span class='ocrx_word' id='word_1_40' title='bbox 1872 733 1975 798; x_wconf 83' lang='lat' dir='ltr'>hio</span> <span class='ocrx_word' id='word_1_41' title='bbox 2026 732 2105 799; x_wconf 90' lang='lat' dir='ltr'>ad</span> <span class='ocrx_word' id='word_1_42' title='bbox 2148 735 2353 799; x_wconf 82' lang='lat' dir='ltr'>locum</span> <span class='ocrx_word' id='word_1_43' title='bbox 2399 732 2713 801; x_wconf 81' lang='lat' dir='ltr'>Geneseos</span> 
     </span>
     <span class='ocr_line' id='line_1_6' title="bbox 280 833 2715 920; baseline 0.001 -21"><span class='ocrx_word' id='word_1_44' title='bbox 280 833 424 920; x_wconf 76' lang='lat'>(15,</span> <span class='ocrx_word' id='word_1_45' title='bbox 464 835 576 918; x_wconf 82' lang='grc'><strong>5.),</strong></span> <span class='ocrx_word' id='word_1_46' title='bbox 623 835 731 900; x_wconf 89' lang='lat' dir='ltr'>ubi</span> <span class='ocrx_word' id='word_1_47' title='bbox 754 836 1030 920; x_wconf 84' lang='lat' dir='ltr'>proxime</span> <span class='ocrx_word' id='word_1_48' title='bbox 1055 837 1128 900; x_wconf 90' lang='lat' dir='ltr'>de</span> <span class='ocrx_word' id='word_1_49' title='bbox 1150 836 1414 920; x_wconf 89' lang='lat' dir='ltr'>posteris</span> <span class='ocrx_word' id='word_1_50' title='bbox 1458 835 1941 903; x_wconf 78' lang='lat' dir='ltr'>carnalibus</span> <span class='ocrx_word' id='word_1_51' title='bbox 1988 853 2191 900; x_wconf 89' lang='lat' dir='ltr'>sermo</span> <span class='ocrx_word' id='word_1_52' title='bbox 2217 839 2330 900; x_wconf 87' lang='lat' dir='ltr'>est.</span> <span class='ocrx_word' id='word_1_53' title='bbox 2377 837 2715 920; x_wconf 74' lang='lat' dir='ltr'>Apostolus</span> 
     </span>
     <span class='ocr_line' id='line_1_7' title="bbox 281 936 2717 1022; baseline 0.001 -22"><span class='ocrx_word' id='word_1_54' title='bbox 281 953 356 1000; x_wconf 88' lang='lat' dir='ltr'>eo</span> <span class='ocrx_word' id='word_1_55' title='bbox 401 936 620 1016; x_wconf 88' lang='lat' dir='ltr'>utitur,</span> <span class='ocrx_word' id='word_1_56' title='bbox 667 937 738 1000; x_wconf 90' lang='lat' dir='ltr'>ut</span> <span class='ocrx_word' id='word_1_57' title='bbox 781 936 990 1001; x_wconf 90' lang='lat' dir='ltr'>firmet</span> <span class='ocrx_word' id='word_1_58' title='bbox 1057 937 1454 1015; x_wconf 81' lang='lat' dir='ltr'><strong>sententiam,</strong></span> <span class='ocrx_word' id='word_1_59' title='bbox 1521 937 1886 1002; x_wconf 84' lang='lat' dir='ltr'>Abrahamo</span> <span class='ocrx_word' id='word_1_60' title='bbox 1943 937 2324 1022; x_wconf 89' lang='lat' dir='ltr'>promissum</span> <span class='ocrx_word' id='word_1_61' title='bbox 2368 954 2521 1016; x_wconf 87' lang='lat' dir='ltr'>esse,</span> <span class='ocrx_word' id='word_1_62' title='bbox 2587 937 2717 1003; x_wconf 87' lang='lat' dir='ltr'>fore</span> 
     </span>
     <span class='ocr_line' id='line_1_8' title="bbox 275 1036 2714 1122; baseline 0.002 -22"><span class='ocrx_word' id='word_1_63' title='bbox 275 1037 492 1120; x_wconf 90' lang='lat' dir='ltr'>ipsum</span> <span class='ocrx_word' id='word_1_64' title='bbox 539 1036 783 1119; x_wconf 86' lang='lat' dir='ltr'>patrem</span> <span class='ocrx_word' id='word_1_65' title='bbox 828 1038 1171 1102; x_wconf 85' lang='lat' dir='ltr'>multarum</span> <span class='ocrx_word' id='word_1_66' title='bbox 1214 1037 1515 1122; x_wconf 87' lang='lat' dir='ltr'>gentium.</span> <span class='ocrx_word' id='word_1_67' title='bbox 1605 1037 1689 1102; x_wconf 89' lang='lat' dir='ltr'>Et</span> <span class='ocrx_word' id='word_1_68' title='bbox 1730 1056 1870 1103; x_wconf 87' lang='lat' dir='ltr'>vere</span> <span class='ocrx_word' id='word_1_69' title='bbox 1930 1037 2217 1122; x_wconf 83' lang='lat' dir='ltr'>quidem;</span> <span class='ocrx_word' id='word_1_70' title='bbox 2284 1056 2452 1117; x_wconf 87' lang='lat' dir='ltr'>nam,</span> <span class='ocrx_word' id='word_1_71' title='bbox 2520 1056 2714 1121; x_wconf 92' lang='lat' dir='ltr'>quum</span> 
     </span>
     <span class='ocr_line' id='line_1_9' title="bbox 279 1137 2716 1223; baseline 0.001 -21"><span class='ocrx_word' id='word_1_72' title='bbox 279 1137 444 1202; x_wconf 85' lang='lat' dir='ltr'>aliae</span> <span class='ocrx_word' id='word_1_73' title='bbox 489 1137 933 1222; x_wconf 80' lang='lat' dir='ltr'>promissiones</span> <span class='ocrx_word' id='word_1_74' title='bbox 979 1137 1224 1204; x_wconf 83' lang='lat' dir='ltr'>divinae</span> <span class='ocrx_word' id='word_1_75' title='bbox 1293 1157 1468 1223; x_wconf 90' lang='lat' dir='ltr'>spem</span> <span class='ocrx_word' id='word_1_76' title='bbox 1539 1137 1839 1220; x_wconf 77' lang='lat' dir='ltr'>dederint,</span> <span class='ocrx_word' id='word_1_77' title='bbox 1907 1137 2055 1221; x_wconf 87' lang='lat' dir='ltr'>fore,</span> <span class='ocrx_word' id='word_1_78' title='bbox 2120 1141 2193 1205; x_wconf 91' lang='lat' dir='ltr'>ut</span> <span class='ocrx_word' id='word_1_79' title='bbox 2257 1158 2329 1205; x_wconf 86' lang='lat' dir='ltr'>ex</span> <span class='ocrx_word' id='word_1_80' title='bbox 2374 1138 2716 1206; x_wconf 86' lang='lat' dir='ltr'>Abrahami</span> 
     </span>
     <span class='ocr_line' id='line_1_10' title="bbox 276 1237 2717 1325; baseline 0.001 -21"><span class='ocrx_word' id='word_1_81' title='bbox 276 1239 494 1304; x_wconf 88' lang='lat' dir='ltr'>sobole</span> <span class='ocrx_word' id='word_1_82' title='bbox 539 1237 886 1304; x_wconf 77' lang='lat' dir='ltr'>benedictio</span> <span class='ocrx_word' id='word_1_83' title='bbox 930 1239 1140 1304; x_wconf 84' lang='lat' dir='ltr'>veniat</span> <span class='ocrx_word' id='word_1_84' title='bbox 1184 1238 1476 1305; x_wconf 89' lang='lat' dir='ltr'>omnibus</span> <span class='ocrx_word' id='word_1_85' title='bbox 1521 1239 1847 1324; x_wconf 74' lang='lat' dir='ltr'>gentibue,</span> <span class='ocrx_word' id='word_1_86' title='bbox 1910 1240 2121 1325; x_wconf 86' lang='lat' dir='ltr'>sieque</span> <span class='ocrx_word' id='word_1_87' title='bbox 2165 1240 2562 1307; x_wconf 86' lang='lat' dir='ltr'>Abrahamus</span> <span class='ocrx_word' id='word_1_88' title='bbox 2603 1240 2717 1308; x_wconf 86' lang='lat' dir='ltr'>fiat</span> 
     </span>
     <span class='ocr_line' id='line_1_11' title="bbox 273 1340 2709 1426; baseline 0.002 -22"><span class='ocrx_word' id='word_1_89' title='bbox 273 1343 524 1424; x_wconf 88' lang='lat' dir='ltr'>pater</span> <span class='ocrx_word' id='word_1_90' title='bbox 567 1340 1051 1426; x_wconf 89' lang='lat' dir='ltr'>spiritualis</span> <span class='ocrx_word' id='word_1_91' title='bbox 1097 1342 1436 1407; x_wconf 89' lang='lat' dir='ltr'>multarum</span> <span class='ocrx_word' id='word_1_92' title='bbox 1502 1341 1807 1426; x_wconf 87' lang='lat' dir='ltr'>gentium,</span> <span class='ocrx_word' id='word_1_93' title='bbox 1872 1342 2007 1426; x_wconf 89' lang='lat' dir='ltr'>ipse</span> <span class='ocrx_word' id='word_1_94' title='bbox 2071 1340 2495 1420; x_wconf 86' lang='lat' dir='ltr'>Abrahamus,</span> <span class='ocrx_word' id='word_1_95' title='bbox 2565 1342 2709 1425; x_wconf 86' lang='lat' dir='ltr'>quia</span> 
     </span>
     <span class='ocr_line' id='line_1_12' title="bbox 274 1441 2711 1527; baseline 0.001 -21"><span class='ocrx_word' id='word_1_96' title='bbox 274 1442 778 1527; x_wconf 85' lang='lat' dir='ltr'>inexspeotatam</span> <span class='ocrx_word' id='word_1_97' title='bbox 825 1441 1102 1508; x_wconf 88' lang='lat' dir='ltr'>sobolem</span> <span class='ocrx_word' id='word_1_98' title='bbox 1167 1441 1446 1508; x_wconf 86' lang='lat' dir='ltr'>carnal</span> <span class='ocrx_word' id='word_1_99' title='bbox 1468 1461 1617 1522; x_wconf 90' lang='lat' dir='ltr'>em,</span> <span class='ocrx_word' id='word_1_100' title='bbox 1686 1443 1810 1508; x_wconf 90' lang='lat' dir='ltr'>sibi</span> <span class='ocrx_word' id='word_1_101' title='bbox 1853 1443 2241 1527; x_wconf 81' lang='lat' dir='ltr'>promissam,</span> <span class='ocrx_word' id='word_1_102' title='bbox 2307 1445 2711 1526; x_wconf 79' lang='lat' dir='ltr'>accepturum</span> 
     </span>
     <span class='ocr_line' id='line_1_13' title="bbox 277 1542 2713 1629; baseline 0.001 -21"><span class='ocrx_word' id='word_1_103' title='bbox 277 1563 350 1608; x_wconf 91' lang='lat' dir='ltr'>se</span> <span class='ocrx_word' id='word_1_104' title='bbox 397 1562 537 1608; x_wconf 90' lang='lat' dir='ltr'>esse</span> <span class='ocrx_word' id='word_1_105' title='bbox 581 1544 861 1622; x_wconf 79' lang='lat' dir='ltr'>credidit,</span> <span class='ocrx_word' id='word_1_106' title='bbox 921 1544 1346 1629; x_wconf 81' lang='lat' dir='ltr'>implicite</span> <span class='ocrx_word' id='word_1_107' title='bbox 1412 1543 1603 1608; x_wconf 88' lang='lat' dir='ltr'>etiam</span> <span class='ocrx_word' id='word_1_108' title='bbox 1650 1542 1943 1609; x_wconf 80' lang='lat' dir='ltr'>credebat</span> <span class='ocrx_word' id='word_1_109' title='bbox 1985 1563 2075 1624; x_wconf 87' lang='lat' dir='ltr'>ea,</span> <span class='ocrx_word' id='word_1_110' title='bbox 2145 1562 2301 1627; x_wconf 88' lang='lat' dir='ltr'>quae</span> <span class='ocrx_word' id='word_1_111' title='bbox 2343 1563 2487 1610; x_wconf 88' lang='lat' dir='ltr'>oum</span> <span class='ocrx_word' id='word_1_112' title='bbox 2531 1544 2713 1610; x_wconf 86' lang='lat' dir='ltr'>istius</span> 
     </span>
     <span class='ocr_line' id='line_1_14' title="bbox 272 1643 2710 1758; baseline 0 -48"><span class='ocrx_word' id='word_1_113' title='bbox 272 1645 712 1729; x_wconf 83' lang='lat' dir='ltr'>promissionis</span> <span class='ocrx_word' id='word_1_114' title='bbox 756 1645 1136 1729; x_wconf 86' lang='lat' dir='ltr'>impletione,</span> <span class='ocrx_word' id='word_1_115' title='bbox 1184 1647 1482 1727; x_wconf 85' lang='lat' dir='ltr'>tanquam</span> <span class='ocrx_word' id='word_1_116' title='bbox 1543 1664 1572 1708; x_wconf 92' lang='lat' dir='ltr'>s</span> <span class='ocrx_word' id='word_1_117' title='bbox 1595 1663 1627 1708; x_wconf 88' lang='lat' dir='ltr'>e</span> <span class='ocrx_word' id='word_1_118' title='bbox 1646 1643 1830 1758; x_wconf 81' lang='lat' dir='ltr'>quel</span> <span class='ocrx_word' id='word_1_119' title='bbox 1853 1663 1891 1710; x_wconf 87' lang='lat' dir='ltr'>a</span> <span class='ocrx_word' id='word_1_120' title='bbox 1952 1645 2087 1729; x_wconf 87' lang='lat' dir='ltr'>ejus</span> <span class='ocrx_word' id='word_1_121' title='bbox 2143 1645 2474 1729; x_wconf 81' lang='lat' dir='ltr'>conjuncta</span> <span class='ocrx_word' id='word_1_122' title='bbox 2516 1645 2710 1711; x_wconf 87' lang='lat' dir='ltr'>erant.</span> 
     </span>
    </p>

    <p class='ocr_par' dir='ltr' id='par_1_3' title="bbox 271 1745 2714 3557">
     <span class='ocr_line' id='line_1_15' title="bbox 482 1745 2713 1831; baseline 0 -20"><span class='ocrx_word' id='word_1_123' title='bbox 482 1747 557 1812; x_wconf 89' lang='lat' dir='ltr'>V.</span> <span class='ocrx_word' id='word_1_124' title='bbox 609 1747 708 1812; x_wconf 88' lang='grc'>19.</span> <span class='ocrx_word' id='word_1_125' title='bbox 754 1746 883 1828; x_wconf 60' lang='lat' dir='ltr'>„Et</span> <span class='ocrx_word' id='word_1_126' title='bbox 923 1767 1044 1810; x_wconf 76' lang='lat' dir='ltr'>non</span> <span class='ocrx_word' id='word_1_127' title='bbox 1085 1746 1435 1831; x_wconf 75' lang='lat' dir='ltr'>infirmatus</span> <span class='ocrx_word' id='word_1_128' title='bbox 1462 1745 1662 1830; x_wconf 54' lang='lat' dir='ltr'>fide‘fi.</span> <span class='ocrx_word' id='word_1_129' title='bbox 1704 1746 1742 1811; x_wconf 91' lang='lat' dir='ltr'>i.</span> <span class='ocrx_word' id='word_1_130' title='bbox 1790 1766 1838 1811; x_wconf 91' lang='lat' dir='ltr'>e.</span> <span class='ocrx_word' id='word_1_131' title='bbox 1888 1765 2030 1812; x_wconf 86' lang='lat' dir='ltr'>oum</span> <span class='ocrx_word' id='word_1_132' title='bbox 2076 1764 2198 1813; x_wconf 91' lang='lat' dir='ltr'>non</span> <span class='ocrx_word' id='word_1_133' title='bbox 2242 1750 2409 1812; x_wconf 86' lang='lat' dir='ltr'>esset</span> <span class='ocrx_word' id='word_1_134' title='bbox 2431 1745 2713 1812; x_wconf 89' lang='lat' dir='ltr'>infirmus</span> 
     </span>
     <span class='ocr_line' id='line_1_16' title="bbox 271 1846 2711 1931; baseline 0 -19"><span class='ocrx_word' id='word_1_135' title='bbox 271 1847 440 1927; x_wconf 89' lang='lat' dir='ltr'>fide;</span> <span class='ocrx_word' id='word_1_136' title='bbox 486 1849 688 1931; x_wconf 84' lang='lat' dir='ltr'>quoad</span> <span class='ocrx_word' id='word_1_137' title='bbox 731 1867 983 1914; x_wconf 89' lang='lat' dir='ltr'>sensum</span> <span class='ocrx_word' id='word_1_138' title='bbox 1026 1848 1192 1912; x_wconf 87' lang='lat' dir='ltr'>idem</span> <span class='ocrx_word' id='word_1_139' title='bbox 1237 1865 1342 1912; x_wconf 88' lang='lat' dir='ltr'>ao.</span> <span class='ocrx_word' id='word_1_140' title='bbox 1389 1865 1534 1912; x_wconf 86' lang='lat' dir='ltr'>oum</span> <span class='ocrx_word' id='word_1_141' title='bbox 1580 1851 1747 1912; x_wconf 88' lang='lat' dir='ltr'>esset</span> <span class='ocrx_word' id='word_1_142' title='bbox 1780 1847 1901 1912; x_wconf 88' lang='lat' dir='ltr'>fide</span> <span class='ocrx_word' id='word_1_143' title='bbox 1932 1846 2345 1913; x_wconf 90' lang='lat' dir='ltr'>firmissimus.</span> <span class='ocrx_word' id='word_1_144' title='bbox 2389 1884 2475 1897; x_wconf 91' lang='lat'>—-</span> <span class='ocrx_word' id='word_1_145' title='bbox 2516 1849 2711 1929; x_wconf 77' lang='lat' dir='ltr'>„Non</span> 
     </span>
     <span class='ocr_line' id='line_1_17' title="bbox 277 1949 2712 2039; baseline 0.001 -26"><span class='ocrx_word' id='word_1_146' title='bbox 277 1949 697 2013; x_wconf 72' lang='lat' dir='ltr'>consideravit</span> <span class='ocrx_word' id='word_1_147' title='bbox 752 1972 970 2036; x_wconf 64' lang='lat' dir='ltr'>eorpus</span> <span class='ocrx_word' id='word_1_148' title='bbox 1012 1972 1188 2014; x_wconf 80' lang='lat' dir='ltr'>suum</span> <span class='ocrx_word' id='word_1_149' title='bbox 1214 1952 1359 2039; x_wconf 81' lang='lat' dir='ltr'>jam</span> <span class='ocrx_word' id='word_1_150' title='bbox 1401 1953 1798 2029; x_wconf 39' lang='lat' dir='ltr'>emortuum&amp;</span> <span class='ocrx_word' id='word_1_151' title='bbox 1855 1949 1896 2014; x_wconf 92' lang='lat' dir='ltr'>i.</span> <span class='ocrx_word' id='word_1_152' title='bbox 1944 1968 1994 2012; x_wconf 86' lang='lat' dir='ltr'>e.</span> <span class='ocrx_word' id='word_1_153' title='bbox 2043 1949 2319 2014; x_wconf 84' lang='lat' dir='ltr'>mentem</span> <span class='ocrx_word' id='word_1_154' title='bbox 2362 1967 2541 2014; x_wconf 80' lang='lat' dir='ltr'>suam</span> <span class='ocrx_word' id='word_1_155' title='bbox 2588 1968 2712 2016; x_wconf 88' lang='lat' dir='ltr'>non</span> 
     </span>
     <span class='ocr_line' id='line_1_18' title="bbox 271 2049 2711 2136; baseline 0.001 -21"><span class='ocrx_word' id='word_1_156' title='bbox 271 2049 417 2115; x_wconf 85' lang='lat' dir='ltr'>fixit</span> <span class='ocrx_word' id='word_1_157' title='bbox 457 2051 522 2115; x_wconf 90' lang='lat' dir='ltr'>in</span> <span class='ocrx_word' id='word_1_158' title='bbox 568 2069 818 2136; x_wconf 80' lang='lat' dir='ltr'>corpore</span> <span class='ocrx_word' id='word_1_159' title='bbox 863 2069 974 2117; x_wconf 90' lang='lat' dir='ltr'>suo</span> <span class='ocrx_word' id='word_1_160' title='bbox 1017 2070 1164 2135; x_wconf 88' lang='lat' dir='ltr'>prae</span> <span class='ocrx_word' id='word_1_161' title='bbox 1211 2051 1383 2116; x_wconf 89' lang='lat' dir='ltr'>senio</span> <span class='ocrx_word' id='word_1_162' title='bbox 1428 2051 1796 2136; x_wconf 80' lang='lat' dir='ltr'>simpliciter</span> <span class='ocrx_word' id='word_1_163' title='bbox 1838 2049 2178 2135; x_wconf 84' lang='lat' dir='ltr'>(absolute)</span> <span class='ocrx_word' id='word_1_164' title='bbox 2209 2051 2343 2134; x_wconf 87' lang='lat' dir='ltr'>jam</span> <span class='ocrx_word' id='word_1_165' title='bbox 2366 2051 2711 2135; x_wconf 87' lang='lat' dir='ltr'>impotente</span> 
     </span>
     <span class='ocr_line' id='line_1_19' title="bbox 277 2151 2709 2238; baseline -0 -20"><span class='ocrx_word' id='word_1_166' title='bbox 277 2153 361 2218; x_wconf 75' lang='lat' dir='ltr'>ad</span> <span class='ocrx_word' id='word_1_167' title='bbox 409 2152 848 2236; x_wconf 83' lang='lat' dir='ltr'>generandum.</span> <span class='ocrx_word' id='word_1_168' title='bbox 905 2191 972 2198; x_wconf 89' lang='lat'>-</span> <span class='ocrx_word' id='word_1_169' title='bbox 1021 2153 1224 2233; x_wconf 84' lang='lat' dir='ltr'>„Cum</span> <span class='ocrx_word' id='word_1_170' title='bbox 1250 2153 1399 2238; x_wconf 81' lang='lat' dir='ltr'>fere</span> <span class='ocrx_word' id='word_1_171' title='bbox 1441 2162 1675 2216; x_wconf 76' lang='lat' dir='ltr'>centum</span> <span class='ocrx_word' id='word_1_172' title='bbox 1718 2173 2021 2216; x_wconf 75' lang='lat' dir='ltr'>annorum</span> <span class='ocrx_word' id='word_1_173' title='bbox 2044 2156 2234 2216; x_wconf 60' lang='lat' dir='ltr'>essef‘</span> <span class='ocrx_word' id='word_1_174' title='bbox 2238 2200 2253 2217; x_wconf 91' lang='lat'><strong>.</strong></span> <span class='ocrx_word' id='word_1_175' title='bbox 2298 2152 2500 2218; x_wconf 79' lang='lat' dir='ltr'>Dicit·</span> <span class='ocrx_word' id='word_1_176' title='bbox 2485 2201 2501 2217; x_wconf 88' lang='lat'><strong>.</strong></span> <span class='ocrx_word' id='word_1_177' title='bbox 2545 2151 2578 2217; x_wconf 87' lang='lat' dir='ltr'><strong>f</strong></span> <span class='ocrx_word' id='word_1_178' title='bbox 2586 2171 2619 2217; x_wconf 80' lang='lat' dir='ltr'>e</span> <span class='ocrx_word' id='word_1_179' title='bbox 2634 2172 2709 2217; x_wconf 85' lang='lat' dir='ltr'>re</span> 
     </span>
     <span class='ocr_line' id='line_1_20' title="bbox 273 2253 2714 2340; baseline 0 -22"><span class='ocrx_word' id='word_1_180' title='bbox 273 2257 531 2320; x_wconf 84' lang='lat' dir='ltr'>centum</span> <span class='ocrx_word' id='word_1_181' title='bbox 577 2273 898 2335; x_wconf 90' lang='lat' dir='ltr'>annorum,</span> <span class='ocrx_word' id='word_1_182' title='bbox 946 2255 1089 2338; x_wconf 90' lang='lat' dir='ltr'>quia</span> <span class='ocrx_word' id='word_1_183' title='bbox 1128 2274 1322 2321; x_wconf 88' lang='lat' dir='ltr'>annos</span> <span class='ocrx_word' id='word_1_184' title='bbox 1348 2255 1432 2320; x_wconf 88' lang='lat'>99</span> <span class='ocrx_word' id='word_1_185' title='bbox 1457 2260 1639 2321; x_wconf 87' lang='lat' dir='ltr'>natus</span> <span class='ocrx_word' id='word_1_186' title='bbox 1683 2258 1831 2320; x_wconf 80' lang='lat' dir='ltr'>erat.</span> <span class='ocrx_word' id='word_1_187' title='bbox 1882 2291 1957 2301; x_wconf 91' lang='lat'>—</span> <span class='ocrx_word' id='word_1_188' title='bbox 2003 2253 2132 2334; x_wconf 80' lang='lat' dir='ltr'>„Et</span> <span class='ocrx_word' id='word_1_189' title='bbox 2172 2253 2529 2340; x_wconf 66' lang='lat' dir='ltr'>languorem</span> <span class='ocrx_word' id='word_1_190' title='bbox 2552 2255 2714 2318; x_wconf 78' lang='lat' dir='ltr'>uteri</span> 
     </span>
     <span class='ocr_line' id='line_1_21' title="bbox 276 2354 2710 2440; baseline 0 -19"><span class='ocrx_word' id='word_1_191' title='bbox 276 2355 531 2421; x_wconf 81' lang='lat' dir='ltr'>Sarae“</span> <span class='ocrx_word' id='word_1_192' title='bbox 543 2379 568 2439; x_wconf 88' lang='lat'><em>;</em></span> <span class='ocrx_word' id='word_1_193' title='bbox 609 2357 646 2422; x_wconf 91' lang='lat' dir='ltr'>i.</span> <span class='ocrx_word' id='word_1_194' title='bbox 697 2376 747 2421; x_wconf 90' lang='lat' dir='ltr'>e.</span> <span class='ocrx_word' id='word_1_195' title='bbox 795 2359 860 2420; x_wconf 84' lang='lat' dir='ltr'>et</span> <span class='ocrx_word' id='word_1_196' title='bbox 903 2375 1027 2421; x_wconf 89' lang='lat' dir='ltr'>non</span> <span class='ocrx_word' id='word_1_197' title='bbox 1070 2359 1348 2421; x_wconf 88' lang='lat' dir='ltr'>mentem</span> <span class='ocrx_word' id='word_1_198' title='bbox 1391 2356 1527 2420; x_wconf 82' lang='lat' dir='ltr'>fixit</span> <span class='ocrx_word' id='word_1_199' title='bbox 1570 2357 1636 2421; x_wconf 90' lang='lat' dir='ltr'>in</span> <span class='ocrx_word' id='word_1_200' title='bbox 1678 2356 1853 2421; x_wconf 89' lang='lat' dir='ltr'>utero</span> <span class='ocrx_word' id='word_1_201' title='bbox 1890 2354 2092 2435; x_wconf 86' lang='lat' dir='ltr'>Sarae,</span> <span class='ocrx_word' id='word_1_202' title='bbox 2140 2355 2535 2440; x_wconf 79' lang='lat' dir='ltr'>concipiendo</span> <span class='ocrx_word' id='word_1_203' title='bbox 2573 2355 2710 2440; x_wconf 86' lang='lat' dir='ltr'>jam</span> 
     </span>
     <span class='ocr_line' id='line_1_22' title="bbox 273 2455 2706 2543; baseline 0 -20"><span class='ocrx_word' id='word_1_204' title='bbox 273 2475 406 2523; x_wconf 90' lang='lat' dir='ltr'>non</span> <span class='ocrx_word' id='word_1_205' title='bbox 451 2459 613 2543; x_wconf 87' lang='lat' dir='ltr'>apto,</span> <span class='ocrx_word' id='word_1_206' title='bbox 659 2458 886 2542; x_wconf 89' lang='lat' dir='ltr'>quippe</span> <span class='ocrx_word' id='word_1_207' title='bbox 931 2477 1088 2541; x_wconf 87' lang='lat' dir='ltr'>quae</span> <span class='ocrx_word' id='word_1_208' title='bbox 1131 2458 1216 2524; x_wconf 89' lang='lat'>90</span> <span class='ocrx_word' id='word_1_209' title='bbox 1257 2476 1560 2523; x_wconf 90' lang='lat' dir='ltr'>annorum</span> <span class='ocrx_word' id='word_1_210' title='bbox 1604 2461 1753 2523; x_wconf 85' lang='lat' dir='ltr'>erat.</span> <span class='ocrx_word' id='word_1_211' title='bbox 1801 2460 2081 2540; x_wconf 75' lang='grc' dir='ltr'>νέκρωσις</span> <span class='ocrx_word' id='word_1_212' title='bbox 2124 2458 2189 2543; x_wconf 85' lang='lat' dir='ltr'>(a</span> <span class='ocrx_word' id='word_1_213' title='bbox 2222 2455 2439 2540; x_wconf 74' lang='grc' dir='ltr'><strong><em>νεκρὸω</em></strong></span> <span class='ocrx_word' id='word_1_214' title='bbox 2461 2457 2519 2523; x_wconf 83' lang='grc'>2.</span> <span class='ocrx_word' id='word_1_215' title='bbox 2545 2476 2706 2542; x_wconf 79' lang='lat' dir='ltr'>perS.</span> 
     </span>
     <span class='ocr_line' id='line_1_23' title="bbox 273 2558 2709 2645; baseline 0 -22"><span class='ocrx_word' id='word_1_216' title='bbox 273 2558 432 2642; x_wconf 85' lang='lat' dir='ltr'>perf.</span> <span class='ocrx_word' id='word_1_217' title='bbox 480 2577 644 2642; x_wconf 87' lang='lat' dir='ltr'>pass.</span> <span class='ocrx_word' id='word_1_218' title='bbox 692 2559 1064 2644; x_wconf 71' lang='grc' dir='ltr'>νενέκρωσαι)</span> <span class='ocrx_word' id='word_1_219' title='bbox 1107 2559 1347 2643; x_wconf 86' lang='lat' dir='ltr'>proprie</span> <span class='ocrx_word' id='word_1_220' title='bbox 1404 2559 1688 2626; x_wconf 85' lang='lat' dir='ltr'>interf</span> <span class='ocrx_word' id='word_1_221' title='bbox 1695 2560 1940 2639; x_wconf 83' lang='lat' dir='ltr'>eoti03</span> <span class='ocrx_word' id='word_1_222' title='bbox 2003 2561 2251 2645; x_wconf 85' lang='lat' dir='ltr'>passive</span> <span class='ocrx_word' id='word_1_223' title='bbox 2316 2559 2482 2625; x_wconf 90' lang='lat' dir='ltr'>idem</span> <span class='ocrx_word' id='word_1_224' title='bbox 2548 2559 2709 2642; x_wconf 89' lang='lat' dir='ltr'>quod</span> 
     </span>
     <span class='ocr_line' id='line_1_24' title="bbox 275 2659 2707 2746; baseline 0.002 -24"><span class='ocrx_word' id='word_1_225' title='bbox 275 2683 370 2722; x_wconf 70' lang='lat' dir='ltr'>m·</span> <span class='ocrx_word' id='word_1_226' title='bbox 381 2662 682 2741; x_wconf 73' lang='grc' dir='ltr'>έκρωσθαι</span> <span class='ocrx_word' id='word_1_227' title='bbox 724 2661 864 2745; x_wconf 89' lang='lat' dir='ltr'>(das</span> <span class='ocrx_word' id='word_1_228' title='bbox 909 2659 1512 2746; x_wconf 87' lang='lat' dir='ltr'>Abgestorbensein)</span> <span class='ocrx_word' id='word_1_229' title='bbox 1559 2664 1623 2726; x_wconf 91' lang='lat' dir='ltr'>et</span> <span class='ocrx_word' id='word_1_230' title='bbox 1664 2663 1968 2728; x_wconf 81' lang='lat' dir='ltr'>translato</span> <span class='ocrx_word' id='word_1_231' title='bbox 2012 2661 2398 2746; x_wconf 85' lang='lat' dir='ltr'>significatu:</span> <span class='ocrx_word' id='word_1_232' title='bbox 2461 2664 2707 2745; x_wconf 88' lang='lat' dir='ltr'>torpore</span> 
     </span>
     <span class='ocr_line' id='line_1_25' title="bbox 273 2762 2709 2848; baseline 0 -21"><span class='ocrx_word' id='word_1_233' title='bbox 273 2780 474 2827; x_wconf 80' lang='lat' dir='ltr'>cons</span> <span class='ocrx_word' id='word_1_234' title='bbox 496 2780 698 2827; x_wconf 91' lang='lat' dir='ltr'>umm</span> <span class='ocrx_word' id='word_1_235' title='bbox 723 2765 947 2842; x_wconf 84' lang='lat' dir='ltr'>atus,</span> <span class='ocrx_word' id='word_1_236' title='bbox 993 2765 1065 2828; x_wconf 84' lang='lat' dir='ltr'>ut</span> <span class='ocrx_word' id='word_1_237' title='bbox 1085 2762 1146 2826; x_wconf 92' lang='lat' dir='ltr'>h.</span> <span class='ocrx_word' id='word_1_238' title='bbox 1171 2764 1235 2844; x_wconf 91' lang='lat' dir='ltr'>l.,</span> <span class='ocrx_word' id='word_1_239' title='bbox 1281 2762 1392 2829; x_wconf 88' lang='lat' dir='ltr'>ubi</span> <span class='ocrx_word' id='word_1_240' title='bbox 1433 2764 1840 2829; x_wconf 88' lang='lat' dir='ltr'>intermortuo</span> <span class='ocrx_word' id='word_1_241' title='bbox 1866 2764 2214 2830; x_wconf 81' lang='lat' dir='ltr'>Abrahami</span> <span class='ocrx_word' id='word_1_242' title='bbox 2245 2763 2481 2848; x_wconf 83' lang='lat' dir='ltr'>corpori</span> <span class='ocrx_word' id='word_1_243' title='bbox 2516 2780 2709 2846; x_wconf 88' lang='lat' dir='ltr'>oppo-</span> 
     </span>
     <span class='ocr_line' id='line_1_26' title="bbox 277 2863 2707 2950; baseline 0.001 -23"><span class='ocrx_word' id='word_1_244' title='bbox 277 2863 454 2928; x_wconf 88' lang='lat' dir='ltr'>nitur</span> <span class='ocrx_word' id='word_1_245' title='bbox 495 2866 924 2946; x_wconf 86' lang='lat' dir='ltr'>praemortuus</span> <span class='ocrx_word' id='word_1_246' title='bbox 969 2867 1182 2929; x_wconf 87' lang='lat' dir='ltr'>uterus</span> <span class='ocrx_word' id='word_1_247' title='bbox 1249 2864 1455 2945; x_wconf 83' lang='lat' dir='ltr'>Sarae,</span> <span class='ocrx_word' id='word_1_248' title='bbox 1522 2866 1920 2950; x_wconf 78' lang='lat' dir='ltr'>concipiendo</span> <span class='ocrx_word' id='word_1_249' title='bbox 1978 2865 2114 2950; x_wconf 90' lang='lat' dir='ltr'>jam</span> <span class='ocrx_word' id='word_1_250' title='bbox 2180 2881 2305 2929; x_wconf 91' lang='lat' dir='ltr'>non</span> <span class='ocrx_word' id='word_1_251' title='bbox 2369 2868 2571 2949; x_wconf 85' lang='lat' dir='ltr'>aptus.</span> <span class='ocrx_word' id='word_1_252' title='bbox 2622 2899 2707 2912; x_wconf 89' lang='lat'>--</span> 
     </span>
     <span class='ocr_line' id='line_1_27' title="bbox 279 2964 2709 3049; baseline 0.001 -19"><span class='ocrx_word' id='word_1_253' title='bbox 279 2964 350 3030; x_wconf 86' lang='lat' dir='ltr'>Si</span> <span class='ocrx_word' id='word_1_254' title='bbox 398 2964 817 3044; x_wconf 56' lang='lat' dir='ltr'>Abra-inmas,</span> <span class='ocrx_word' id='word_1_255' title='bbox 865 2966 1077 3031; x_wconf 81' lang='lat' dir='ltr'>audita</span> <span class='ocrx_word' id='word_1_256' title='bbox 1143 2966 1553 3049; x_wconf 87' lang='lat' dir='ltr'>promissione</span> <span class='ocrx_word' id='word_1_257' title='bbox 1617 2966 1730 3032; x_wconf 91' lang='lat' dir='ltr'>filii</span> <span class='ocrx_word' id='word_1_258' title='bbox 1794 2987 1866 3031; x_wconf 85' lang='lat' dir='ltr'>ex</span> <span class='ocrx_word' id='word_1_259' title='bbox 1911 2965 2082 3045; x_wconf 88' lang='lat' dir='ltr'>Sara,</span> <span class='ocrx_word' id='word_1_260' title='bbox 2147 2965 2303 3030; x_wconf 91' lang='lat' dir='ltr'>risi</span> <span class='ocrx_word' id='word_1_261' title='bbox 2325 2985 2355 3030; x_wconf 91' lang='lat' dir='ltr'>s</span> <span class='ocrx_word' id='word_1_262' title='bbox 2377 2984 2455 3031; x_wconf 87' lang='lat' dir='ltr'>se</span> <span class='ocrx_word' id='word_1_263' title='bbox 2522 2969 2709 3048; x_wconf 84' lang='lat' dir='ltr'>atque</span> 
     </span>
     <span class='ocr_line' id='line_1_28' title="bbox 275 3066 2707 3154; baseline 0 -22"><span class='ocrx_word' id='word_1_264' title='bbox 275 3067 546 3132; x_wconf 75' lang='lat' dir='ltr'>dixiss</span> <span class='ocrx_word' id='word_1_265' title='bbox 575 3085 607 3130; x_wconf 93' lang='lat' dir='ltr'>e</span> <span class='ocrx_word' id='word_1_266' title='bbox 651 3066 716 3132; x_wconf 90' lang='lat' dir='ltr'>in</span> <span class='ocrx_word' id='word_1_267' title='bbox 761 3068 941 3133; x_wconf 83' lang='lat' dir='ltr'>corde</span> <span class='ocrx_word' id='word_1_268' title='bbox 987 3085 1098 3132; x_wconf 91' lang='lat' dir='ltr'>suo</span> <span class='ocrx_word' id='word_1_269' title='bbox 1140 3068 1371 3152; x_wconf 85' lang='lat' dir='ltr'>legitur</span> <span class='ocrx_word' id='word_1_270' title='bbox 1414 3066 1597 3152; x_wconf 83' lang='lat' dir='ltr'>(Gen.</span> <span class='ocrx_word' id='word_1_271' title='bbox 1648 3070 1747 3147; x_wconf 85' lang='lat'>17,</span> <span class='ocrx_word' id='word_1_272' title='bbox 1779 3068 1938 3154; x_wconf 76' lang='lat'><strong>17.):</strong></span> <span class='ocrx_word' id='word_1_273' title='bbox 1986 3067 2395 3153; x_wconf 86' lang='lat' dir='ltr'>„Putasne</span> <span class='ocrx_word' id='word_1_274' title='bbox 2439 3070 2707 3133; x_wconf 85' lang='lat' dir='ltr'>oente-</span> 
     </span>
     <span class='ocr_line' id='line_1_29' title="bbox 273 3167 2706 3252; baseline -0.001 -19"><span class='ocrx_word' id='word_1_275' title='bbox 273 3168 510 3233; x_wconf 87' lang='lat' dir='ltr'>nario</span> <span class='ocrx_word' id='word_1_276' title='bbox 575 3171 964 3233; x_wconf 84' lang='lat' dir='ltr'>nascetur</span> <span class='ocrx_word' id='word_1_277' title='bbox 1028 3167 1274 3234; x_wconf 89' lang='lat' dir='ltr'>filius</span> <span class='ocrx_word' id='word_1_278' title='bbox 1341 3171 1418 3233; x_wconf 87' lang='lat' dir='ltr'>et</span> <span class='ocrx_word' id='word_1_279' title='bbox 1483 3168 1674 3234; x_wconf 85' lang='lat' dir='ltr'>Sara</span> <span class='ocrx_word' id='word_1_280' title='bbox 1737 3167 2301 3252; x_wconf 87' lang='lat' dir='ltr'>nonagenaria</span> <span class='ocrx_word' id='word_1_281' title='bbox 2366 3167 2706 3251; x_wconf 86' lang='lat' dir='ltr'>pariet“,</span> 
     </span>
     <span class='ocr_line' id='line_1_30' title="bbox 277 3267 2707 3350; baseline -0 -15"><span class='ocrx_word' id='word_1_282' title='bbox 277 3269 478 3335; x_wconf 82' lang='lat' dir='ltr'>verba</span> <span class='ocrx_word' id='word_1_283' title='bbox 517 3268 673 3333; x_wconf 83' lang='lat' dir='ltr'>haee</span> <span class='ocrx_word' id='word_1_284' title='bbox 719 3287 842 3334; x_wconf 90' lang='lat' dir='ltr'>non</span> <span class='ocrx_word' id='word_1_285' title='bbox 885 3272 1034 3334; x_wconf 90' lang='lat' dir='ltr'>sunt</span> <span class='ocrx_word' id='word_1_286' title='bbox 1077 3270 1562 3350; x_wconf 86' lang='lat' dir='ltr'>dubitantis,</span> <span class='ocrx_word' id='word_1_287' title='bbox 1631 3270 1738 3335; x_wconf 88' lang='lat' dir='ltr'>sed</span> <span class='ocrx_word' id='word_1_288' title='bbox 1803 3269 2297 3335; x_wconf 83' lang='lat' dir='ltr'>admirantis</span> <span class='ocrx_word' id='word_1_289' title='bbox 2363 3267 2545 3334; x_wconf 89' lang='lat' dir='ltr'>firma</span> <span class='ocrx_word' id='word_1_290' title='bbox 2584 3269 2707 3334; x_wconf 88' lang='lat' dir='ltr'>fide</span> 
     </span>
     <span class='ocr_line' id='line_1_31' title="bbox 277 3369 2701 3455; baseline 0 -19"><span class='ocrx_word' id='word_1_291' title='bbox 277 3373 644 3455; x_wconf 81' lang='lat' dir='ltr'>susceptam</span> <span class='ocrx_word' id='word_1_292' title='bbox 685 3369 802 3435; x_wconf 89' lang='lat' dir='ltr'>Dei</span> <span class='ocrx_word' id='word_1_293' title='bbox 844 3371 1340 3455; x_wconf 87' lang='lat' dir='ltr'>promissionem,</span> <span class='ocrx_word' id='word_1_294' title='bbox 1387 3390 1457 3436; x_wconf 85' lang='lat' dir='ltr'>ao</span> <span class='ocrx_word' id='word_1_295' title='bbox 1502 3371 1556 3437; x_wconf 93' lang='lat' dir='ltr'>si</span> <span class='ocrx_word' id='word_1_296' title='bbox 1599 3372 1863 3436; x_wconf 82' lang='lat' dir='ltr'>diceret:</span> <span class='ocrx_word' id='word_1_297' title='bbox 1909 3369 2233 3454; x_wconf 87' lang='lat' dir='ltr'>Numquid</span> <span class='ocrx_word' id='word_1_298' title='bbox 2277 3390 2411 3437; x_wconf 89' lang='lat' dir='ltr'>rem</span> <span class='ocrx_word' id='word_1_299' title='bbox 2455 3373 2701 3437; x_wconf 80' lang='lat' dir='ltr'>tantam</span> 
     </span>
     <span class='ocr_line' id='line_1_32' title="bbox 275 3470 2446 3557; baseline 0 -20"><span class='ocrx_word' id='word_1_300' title='bbox 275 3475 343 3537; x_wconf 88' lang='lat' dir='ltr'>et</span> <span class='ocrx_word' id='word_1_301' title='bbox 387 3472 708 3554; x_wconf 84' lang='lat' dir='ltr'>hucusque</span> <span class='ocrx_word' id='word_1_302' title='bbox 751 3472 1098 3538; x_wconf 81' lang='lat' dir='ltr'>inauditam</span> <span class='ocrx_word' id='word_1_303' title='bbox 1143 3472 1418 3540; x_wconf 80' lang='lat' dir='ltr'>facturus</span> <span class='ocrx_word' id='word_1_304' title='bbox 1461 3493 1527 3539; x_wconf 89' lang='lat' dir='ltr'>es</span> <span class='ocrx_word' id='word_1_305' title='bbox 1573 3491 1715 3538; x_wconf 89' lang='lat' dir='ltr'>mea</span> <span class='ocrx_word' id='word_1_306' title='bbox 1760 3475 1995 3538; x_wconf 74' lang='lat' dir='ltr'>eausa?</span> <span class='ocrx_word' id='word_1_307' title='bbox 2038 3470 2145 3556; x_wconf 85' lang='lat' dir='ltr'>(of.</span> <span class='ocrx_word' id='word_1_308' title='bbox 2191 3471 2446 3557; x_wconf 86' lang='lat' dir='ltr'>Estius).</span> 
     </span>
    </p>

    <p class='ocr_par' dir='ltr' id='par_1_4' title="bbox 270 3571 2708 4474">
     <span class='ocr_line' id='line_1_33' title="bbox 491 3571 2708 3659; baseline 0.001 -23"><span class='ocrx_word' id='word_1_309' title='bbox 491 3571 566 3636; x_wconf 90' lang='lat' dir='ltr'>V.</span> <span class='ocrx_word' id='word_1_310' title='bbox 613 3572 715 3638; x_wconf 80' lang='lat'>20.</span> <span class='ocrx_word' id='word_1_311' title='bbox 761 3573 904 3653; x_wconf 80' lang='lat' dir='ltr'>„De</span> <span class='ocrx_word' id='word_1_312' title='bbox 934 3575 1342 3659; x_wconf 74' lang='lat' dir='ltr'>promissione</span> <span class='ocrx_word' id='word_1_313' title='bbox 1387 3595 1523 3638; x_wconf 81' lang='lat' dir='ltr'>vero</span> <span class='ocrx_word' id='word_1_314' title='bbox 1566 3573 1694 3639; x_wconf 72' lang='lat' dir='ltr'>Dei</span> <span class='ocrx_word' id='word_1_315' title='bbox 1734 3595 1856 3638; x_wconf 77' lang='lat' dir='ltr'>non</span> <span class='ocrx_word' id='word_1_316' title='bbox 1889 3571 2193 3638; x_wconf 76' lang='lat' dir='ltr'>dubitavit</span> <span class='ocrx_word' id='word_1_317' title='bbox 2220 3572 2708 3656; x_wconf 52' lang='lat' dir='ltr'>incredulitate‘ss</span> 
     </span>
     <span class='ocr_line' id='line_1_34' title="bbox 271 3673 2700 3760; baseline 0 -20"><span class='ocrx_word' id='word_1_318' title='bbox 271 3675 313 3740; x_wconf 92' lang='lat' dir='ltr'>i.</span> <span class='ocrx_word' id='word_1_319' title='bbox 369 3693 420 3738; x_wconf 91' lang='lat' dir='ltr'>e.</span> <span class='ocrx_word' id='word_1_320' title='bbox 467 3673 641 3739; x_wconf 88' lang='lat' dir='ltr'>nulla</span> <span class='ocrx_word' id='word_1_321' title='bbox 681 3674 993 3740; x_wconf 83' lang='lat' dir='ltr'>laboravit</span> <span class='ocrx_word' id='word_1_322' title='bbox 1034 3676 1484 3755; x_wconf 83' lang='lat' dir='ltr'>incredulitate,</span> <span class='ocrx_word' id='word_1_323' title='bbox 1550 3677 1623 3740; x_wconf 90' lang='lat' dir='ltr'>ut</span> <span class='ocrx_word' id='word_1_324' title='bbox 1680 3677 1753 3741; x_wconf 90' lang='lat' dir='ltr'>de</span> <span class='ocrx_word' id='word_1_325' title='bbox 1810 3675 2223 3760; x_wconf 88' lang='lat' dir='ltr'>promissione</span> <span class='ocrx_word' id='word_1_326' title='bbox 2267 3675 2477 3741; x_wconf 85' lang='lat' dir='ltr'>divina</span> <span class='ocrx_word' id='word_1_327' title='bbox 2520 3675 2700 3742; x_wconf 91' lang='lat' dir='ltr'>dubi-</span> 
     </span>
     <span class='ocr_line' id='line_1_35' title="bbox 271 3774 2701 3858; baseline 0.002 -18"><span class='ocrx_word' id='word_1_328' title='bbox 271 3778 459 3841; x_wconf 88' lang='lat' dir='ltr'>taret.</span> <span class='ocrx_word' id='word_1_329' title='bbox 515 3811 584 3821; x_wconf 88' lang='lat'>—-</span> <span class='ocrx_word' id='word_1_330' title='bbox 630 3780 713 3858; x_wconf 75' lang='grc' dir='ltr'>τῇ</span> <span class='ocrx_word' id='word_1_331' title='bbox 756 3774 1012 3856; x_wconf 74' lang='grc' dir='ltr'>ἀπιστίᾳ</span> <span class='ocrx_word' id='word_1_332' title='bbox 1057 3781 1154 3843; x_wconf 85' lang='lat' dir='ltr'>est</span> <span class='ocrx_word' id='word_1_333' title='bbox 1197 3777 1441 3842; x_wconf 86' lang='lat' dir='ltr'>dativus</span> <span class='ocrx_word' id='word_1_334' title='bbox 1503 3795 1806 3842; x_wconf 86' lang='lat' dir='ltr'>oausae</span> <span class='ocrx_word' id='word_1_335' title='bbox 1862 3795 1973 3842; x_wconf 92' lang='lat' dir='ltr'>seu</span> <span class='ocrx_word' id='word_1_336' title='bbox 2014 3776 2578 3845; x_wconf 88' lang='lat' dir='ltr'>instrumenti.</span> <span class='ocrx_word' id='word_1_337' title='bbox 2631 3813 2701 3824; x_wconf 89' lang='lat'><em>-</em></span> 
     </span>
     <span class='ocr_line' id='line_1_36' title="bbox 273 3876 2693 3962; baseline 0.002 -25"><span class='ocrx_word' id='word_1_338' title='bbox 273 3878 678 3959; x_wconf 74' lang='grc' dir='ltr'>διακρίνομαι,</span> <span class='ocrx_word' id='word_1_339' title='bbox 747 3879 1068 3958; x_wconf 81' lang='lat' dir='ltr'>contendo,</span> <span class='ocrx_word' id='word_1_340' title='bbox 1136 3877 1448 3962; x_wconf 84' lang='lat' dir='ltr'>disoept03</span> <span class='ocrx_word' id='word_1_341' title='bbox 1516 3877 1659 3942; x_wconf 89' lang='lat' dir='ltr'>dein</span> <span class='ocrx_word' id='word_1_342' title='bbox 1724 3876 1959 3957; x_wconf 89' lang='lat' dir='ltr'>dubito,</span> <span class='ocrx_word' id='word_1_343' title='bbox 2024 3877 2264 3943; x_wconf 89' lang='lat' dir='ltr'>haesito</span> <span class='ocrx_word' id='word_1_344' title='bbox 2308 3881 2379 3942; x_wconf 92' lang='lat' dir='ltr'>ut</span> <span class='ocrx_word' id='word_1_345' title='bbox 2420 3878 2480 3943; x_wconf 90' lang='lat' dir='ltr'>h.</span> <span class='ocrx_word' id='word_1_346' title='bbox 2527 3878 2570 3942; x_wconf 95' lang='lat' dir='ltr'>l.</span> <span class='ocrx_word' id='word_1_347' title='bbox 2626 3913 2693 3924; x_wconf 89' lang='lat'><em>-</em></span> 
     </span>
     <span class='ocr_line' id='line_1_37' title="bbox 275 3977 2703 4063; baseline -0.001 -20"><span class='ocrx_word' id='word_1_348' title='bbox 275 3977 456 4060; x_wconf 79' lang='lat' dir='ltr'>„Sed</span> <span class='ocrx_word' id='word_1_349' title='bbox 497 3977 927 4043; x_wconf 75' lang='lat' dir='ltr'>corroboratus</span> <span class='ocrx_word' id='word_1_350' title='bbox 969 3988 1056 4042; x_wconf 81' lang='lat' dir='ltr'>est</span> <span class='ocrx_word' id='word_1_351' title='bbox 1076 3977 1275 4063; x_wconf 80' lang='lat' dir='ltr'>fide“,</span> <span class='ocrx_word' id='word_1_352' title='bbox 1318 3979 1357 4042; x_wconf 92' lang='lat' dir='ltr'>i.</span> <span class='ocrx_word' id='word_1_353' title='bbox 1405 3997 1455 4044; x_wconf 88' lang='lat' dir='ltr'>e.</span> <span class='ocrx_word' id='word_1_354' title='bbox 1502 3978 1681 4043; x_wconf 84' lang='lat' dir='ltr'>fortis</span> <span class='ocrx_word' id='word_1_355' title='bbox 1734 3977 1958 4052; x_wconf 70' lang='lat' dir='ltr'>faetus,</span> <span class='ocrx_word' id='word_1_356' title='bbox 2004 3982 2120 4056; x_wconf 90' lang='lat' dir='ltr'>est,</span> <span class='ocrx_word' id='word_1_357' title='bbox 2186 3998 2298 4044; x_wconf 90' lang='lat' dir='ltr'>seu</span> <span class='ocrx_word' id='word_1_358' title='bbox 2363 3977 2591 4043; x_wconf 89' lang='lat' dir='ltr'>fortem</span> <span class='ocrx_word' id='word_1_359' title='bbox 2634 3996 2703 4042; x_wconf 89' lang='lat' dir='ltr'>se</span> 
     </span>
     <span class='ocr_line' id='line_1_38' title="bbox 273 4075 2702 4164; baseline -0.001 -19"><span class='ocrx_word' id='word_1_360' title='bbox 273 4078 560 4145; x_wconf 87' lang='lat' dir='ltr'>exhibuit</span> <span class='ocrx_word' id='word_1_361' title='bbox 583 4080 784 4164; x_wconf 86' lang='lat' dir='ltr'>quoad</span> <span class='ocrx_word' id='word_1_362' title='bbox 806 4079 1014 4144; x_wconf 90' lang='lat' dir='ltr'>fidem.</span> <span class='ocrx_word' id='word_1_363' title='bbox 1065 4117 1140 4126; x_wconf 90' lang='lat'>--</span> <span class='ocrx_word' id='word_1_364' title='bbox 1187 4075 1535 4160; x_wconf 71' lang='grc' dir='ltr'><strong><em>ἐνδυναμόω,</em></strong></span> <span class='ocrx_word' id='word_1_365' title='bbox 1579 4080 1923 4160; x_wconf 79' lang='lat' dir='ltr'>corroboro,</span> <span class='ocrx_word' id='word_1_366' title='bbox 1969 4078 2279 4159; x_wconf 84' lang='lat' dir='ltr'>confirmo,</span> <span class='ocrx_word' id='word_1_367' title='bbox 2323 4079 2386 4144; x_wconf 91' lang='lat' dir='ltr'>in</span> <span class='ocrx_word' id='word_1_368' title='bbox 2412 4077 2702 4163; x_wconf 83' lang='lat' dir='ltr'>passivo:</span> 
     </span>
     <span class='ocr_line' id='line_1_39' title="bbox 273 4179 2706 4267; baseline -0.002 -20"><span class='ocrx_word' id='word_1_369' title='bbox 273 4181 566 4247; x_wconf 82' lang='lat' dir='ltr'>corrob</span> <span class='ocrx_word' id='word_1_370' title='bbox 585 4199 664 4246; x_wconf 95' lang='lat' dir='ltr'>or</span> <span class='ocrx_word' id='word_1_371' title='bbox 683 4199 718 4246; x_wconf 97' lang='lat' dir='ltr'>o</span> <span class='ocrx_word' id='word_1_372' title='bbox 739 4201 800 4261; x_wconf 92' lang='lat' dir='ltr'>r,</span> <span class='ocrx_word' id='word_1_373' title='bbox 846 4180 1022 4246; x_wconf 87' lang='lat' dir='ltr'>fortis</span> <span class='ocrx_word' id='word_1_374' title='bbox 1065 4181 1162 4246; x_wconf 92' lang='lat' dir='ltr'>fio.</span> <span class='ocrx_word' id='word_1_375' title='bbox 1216 4219 1290 4227; x_wconf 92' lang='lat'>—</span> <span class='ocrx_word' id='word_1_376' title='bbox 1336 4179 1563 4263; x_wconf 75' lang='lat' dir='ltr'>„Dans</span> <span class='ocrx_word' id='word_1_377' title='bbox 1603 4179 1871 4267; x_wconf 74' lang='lat' dir='ltr'>yloriam</span> <span class='ocrx_word' id='word_1_378' title='bbox 1913 4180 2111 4260; x_wconf 59' lang='lat' dir='ltr'>Deo‘g</span> <span class='ocrx_word' id='word_1_379' title='bbox 2164 4181 2295 4246; x_wconf 85' lang='lat' dir='ltr'>soil.</span> <span class='ocrx_word' id='word_1_380' title='bbox 2342 4179 2597 4244; x_wconf 80' lang='lat' dir='ltr'>eredens</span> <span class='ocrx_word' id='word_1_381' title='bbox 2640 4180 2706 4243; x_wconf 89' lang='lat' dir='ltr'>et</span> 
     </span>
     <span class='ocr_line' id='line_1_40' title="bbox 271 4280 2701 4369; baseline -0.002 -22"><span class='ocrx_word' id='word_1_382' title='bbox 271 4282 578 4368; x_wconf 90' lang='lat' dir='ltr'>profitens</span> <span class='ocrx_word' id='word_1_383' title='bbox 626 4301 770 4348; x_wconf 87' lang='lat' dir='ltr'>eum</span> <span class='ocrx_word' id='word_1_384' title='bbox 815 4283 1328 4366; x_wconf 88' lang='lat' dir='ltr'>omnipotentem.</span> <span class='ocrx_word' id='word_1_385' title='bbox 1416 4281 1609 4348; x_wconf 87' lang='lat' dir='ltr'>Hisoe</span> <span class='ocrx_word' id='word_1_386' title='bbox 1654 4283 1928 4368; x_wconf 84' lang='lat' dir='ltr'>aperitur</span> <span class='ocrx_word' id='word_1_387' title='bbox 1969 4301 2032 4347; x_wconf 91' lang='lat' dir='ltr'>m</span> <span class='ocrx_word' id='word_1_388' title='bbox 2051 4282 2279 4362; x_wconf 79' lang='lat' dir='ltr'>odas,</span> <span class='ocrx_word' id='word_1_389' title='bbox 2336 4299 2455 4369; x_wconf 86' lang='lat' dir='ltr'>quo</span> <span class='ocrx_word' id='word_1_390' title='bbox 2498 4280 2701 4358; x_wconf 56' lang='lat' dir='ltr'>Abra„</span> 
     </span>
     <span class='ocr_line' id='line_1_41' title="bbox 270 4372 2365 4474; baseline 0.005 -25"><span class='ocrx_word' id='word_1_391' title='bbox 270 4385 510 4454; x_wconf 82' lang='lat' dir='ltr'>hamus</span> <span class='ocrx_word' id='word_1_392' title='bbox 553 4383 808 4456; x_wconf 85' lang='lat' dir='ltr'>firmum</span> <span class='ocrx_word' id='word_1_393' title='bbox 850 4383 972 4452; x_wconf 88' lang='lat' dir='ltr'>fide</span> <span class='ocrx_word' id='word_1_394' title='bbox 1017 4402 1083 4450; x_wconf 91' lang='lat' dir='ltr'>se</span> <span class='ocrx_word' id='word_1_395' title='bbox 1126 4382 1521 4474; x_wconf 73' lang='lat' dir='ltr'>praestiterit,</span> <span class='ocrx_word' id='word_1_396' title='bbox 2358 4372 2365 4377; x_wconf 43' lang='grc'><strong><em>’</em></strong></span> 
     </span>
    </p>
   </div>
  </div>
 </body>
</html>
