3234 4992
1286 224 1395 281 oap.
1425 227 1502 270 vr.
1529 236 1576 271 v.
1604 230 1645 270 a.
2594 230 2687 293 89

223 414 284 477 1.
351 411 535 477 Petr.
605 414 676 493 2,
731 412 878 498 24).
945 412 1287 497 Apostolus
1351 415 1489 479 vult
1553 433 1698 499 ergo
1760 414 1994 480 diceret
2060 412 2266 493 Quum
2332 431 2370 477 a
2433 413 2674 497 peceati

226 514 642 579 commercio
690 517 752 578 et
795 514 1088 580 servitute
1133 514 1330 581 simus
1395 516 1598 595 liberi,
1668 535 1777 582 seu
1842 516 2085 600 penitus
2152 513 2337 579 soluti
2381 514 2460 580 ab
2506 514 2675 579 omni

223 634 387 680 nexu
436 632 600 679 cum
652 619 904 703 peccato
947 652 1032 665 —-
1075 618 1378 700 quomodo
1424 636 1532 682 nos
1574 618 1803 682 iterum
1847 616 2117 701 peccatis
2184 615 2670 698 implicabimus,

220 735 440 783 rursus
487 722 762 801 peccato
805 718 1166 785 servitutem
1232 718 1665 803 impendemus
1684 720 1717 783 P
1758 754 1843 766 —-
1885 716 2361 801 Incompatibile
2428 716 2672 781 videtur

220 820 556 902 apostolo:
607 838 955 904 peccare
1000 821 1062 885 et
1104 820 1651 886 christianum
1698 838 1893 884 esse.

432 920 517 985 V.
572 922 639 986 3.
685 921 832 1001 „An
871 922 1193 1006 iquoratis,
1235 944 1366 1001 nos,
1409 922 1744 1009 quicunque
1788 920 2083 1007 baptizati
2125 939 2329 982 sumus
2386 920 2455 981 in
2508 917 2677 997 (371νί-

219 1029 377 1084 stum
422 1022 682 1102 Jesum,
725 1023 794 1086 in
835 1032 1085 1087 mortem
1127 1028 1258 1114 ejus
1301 1044 1422 1087 esee
1465 1022 1843 1109 baptizatos“
1857 1022 1885 1085 Εἰ
1944 1059 2021 1071 --
2070 1018 2460 1087 Sententiam
2505 1018 2674 1101 prius

225 1121 307 1204 (v.
355 1122 454 1205 2.)
503 1142 894 1207 expressam,
962 1125 1091 1189 scil.
1141 1124 1306 1207 quod
1371 1124 1745 1190 christianus
1812 1125 2095 1189 mortuus
2142 1120 2228 1186 sit
2268 1122 2541 1203 peccato,
2609 1120 2674 1185 in

221 1224 647 1305 sequentibus
716 1224 798 1309 (v.
846 1226 902 1290 3.
951 1228 1015 1289 et
1057 1225 1145 1309 4.)
1211 1226 1367 1290 illu
1391 1226 1599 1291 strat
1664 1228 1849 1308 atque
1917 1224 2219 1307 probat
2282 1240 2352 1286 ex
2417 1220 2541 1286 ritu
2610 1223 2672 1283 et

225 1324 703 1406 significatione
746 1326 1165 1410 baptismi.
1211 1326 1285 1391 In
1328 1327 1647 1410 primaeva
1689 1326 1984 1391 nimirum
2022 1324 2283 1389 ecclesia
2304 1324 2671 1407 plerumque

221 1424 595 1509 baptismus
646 1428 1071 1493 conferebatur
1093 1448 1204 1511 per
1224 1428 1455 1493 trinam
1483 1429 1751 1511 corporis
1799 1427 2436 1504 immersionem,
2484 1441 2673 1507 quam

225 1524 366 1590 dein
413 1528 811 1611 sequebatur
854 1529 1222 1595 emersio.
1268 1530 1440 1594 Haec
1479 1531 1690 1595 autem
1724 1528 2041 1594 immersio
2082 1533 2145 1593 et
2186 1525 2463 1603 emersio,
2511 1542 2669 1607 quae

225 1626 416 1691 fiebat
457 1628 532 1693 in
579 1630 923 1712 baptismo,
970 1634 1101 1696 erat
1146 1632 1499 1717 symbolum
1545 1631 1806 1695 duorum
1852 1630 2183 1694 effectuum
2228 1626 2669 1711 principalium

224 1726 555 1809 baptismi,
605 1730 1286 1797 scil.remissionis
1330 1734 1886 1815 peccatorum,
1934 1749 2077 1814 ergo
2101 1730 2315 1795 mortis
2357 1727 2675 1794 veteris

224 1826 501 1894 hominis
549 1831 622 1895 in
645 1832 840 1911 nobis,
885 1868 970 1878 ——
1013 1836 1076 1895 et
1118 1832 1797 1916 regenerationis
1844 1852 1954 1897 seu
1976 1831 2441 1897 resurrectionis
2487 1828 2673 1895 novi

227 1926 517 1996 hominis.
570 1932 852 2015 Uterque
897 1932 1150 1997 effectus
1172 1932 1272 1997 1110
1295 1933 1590 1998 fundatur
1626 1933 1691 1998 in
1716 1932 1950 1998 Christi
1995 1952 2059 1998 m
2080 1935 2250 1996 orte
2294 1934 2357 1995 et
2402 1950 2527 1995 res
2555 1950 2669 1994 ur-

233 2048 260 2091 r
278 2048 310 2093 e
334 2047 368 2094 0
385 2031 504 2097 tio
521 2052 568 2096 n
586 2052 656 2110 e;
703 2034 846 2115 quia
867 2036 1048 2098 vetus
1070 2034 1258 2098 homo
1282 2034 1347 2097 in
1370 2034 1547 2099 nobis
1573 2033 1834 2098 moritur
1856 2037 2103 2099 tantum
2129 2036 2379 2116 propter
2401 2033 2668 2097 mortem

237 2128 488 2213 Christi,
542 2154 659 2198 seu
705 2134 844 2200 aliis
911 2134 1150 2200 verbis:
1215 2136 1590 2201 remissio
1653 2137 2185 2219 peccatorum
2256 2134 2354 2197 est
2418 2131 2671 2214 sequela

238 2233 453 2298 mortis
506 2234 781 2314 Christi3
846 2255 1092 2303 novus
1136 2238 1324 2302 homo
1368 2240 1579 2303 autem
1638 2238 1703 2300 in
1768 2236 1947 2301 nobis
2014 2235 2308 2313 nascitur,
2378 2253 2487 2298 seu
2550 2249 2670 2297 nos

233 2350 678 2415 regeneramur
729 2341 979 2419 propter
1041 2340 1739 2404 resurrectionem
1806 2336 2037 2403 Christi
2082 2336 2187 2421 (ef.
2235 2337 2295 2416 4,
2348 2334 2478 2420 25.)
2526 2334 2669 2417 quia

240 2436 380 2513 post
420 2438 961 2516 resurrectionem,
1021 2458 1142 2520 qua
1187 2456 1341 2521 opus
1386 2439 1831 2523 redemptionis
1876 2440 2232 2505 absolutum
2282 2437 2416 2515 fuit,
2476 2456 2670 2519 quum

240 2551 342 2614 per
386 2554 533 2602 eam
590 2538 794 2604 factus
839 2539 921 2603 sit
961 2540 1231 2603 vietor
1275 2542 1559 2606 mortis
1630 2542 1924 2625 (maxime
1969 2540 2335 2623 conspicuae
2380 2538 2666 2622 sequelae

243 2652 328 2715 pe
352 2638 598 2723 ocati)
661 2640 913 2705 miserat
957 2639 1257 2724 Spiritum
1303 2661 1373 2721 0.,
1423 2644 1529 2724 qui
1573 2643 1637 2707 in
1682 2644 1815 2725 eJus
1841 2642 2094 2707 ecclesia
2120 2640 2402 2706 homines
2446 2657 2669 2722 rege-

244 2741 480 2803 nerat
549 2743 616 2803 et
681 2745 1052 2825 renovat,
1119 2742 1314 2824 iisque
1380 2743 1629 2808 vitam
1697 2761 2019 2820 novam,
2087 2742 2361 2826 gratiae,
2428 2740 2663 2804 tribuit.

246 2833 384 2901 Ideo
435 2841 634 2905 etiam
698 2840 883 2906 imm
907 2843 1130 2907 ersio
1196 2845 1260 2907 et
1323 2846 1707 2923 emersio,
1776 2863 1931 2928 quae
1973 2845 2040 2907 in
2100 2842 2417 2926 baptismo
2462 2840 2673 2919 fiebat,

247 2941 370 3001 erat
411 2940 610 3005 simul
656 2943 1012 3024 symbolum
1057 2945 1339 3009 mortis
1385 2949 1446 3010 et
1490 2945 2159 3011 resurrectionis
2208 2942 2537 3009 Christi.
2584 2977 2671 2988 —

248 3035 674 3123 Baptizati
719 3062 990 3109 sumus
1051 3045 1129 3108 in
1195 3045 1621 3113 Christum
1684 3048 1985 3113 Jesum.
2032 3082 2117 3093 -
2160 3043 2467 3126 βαπτίζειν
2512 3042 2675 3127 (scil.

247 3140 390 3224 τίνα)
447 3148 535 3215 εἰς
601 3146 727 3206 τίνα
791 3146 889 3209 Vel
955 3150 1038 3215 εἰς
1099 3149 1156 3206 τί
1221 3149 1560 3230 generatim
1629 3149 1971 3231 significat:
2039 3165 2234 3230 aquae
2299 3147 2669 3227 immergere

253 3240 516 3323 aliquem
543 3245 776 3310 eumin
819 3244 1102 3327 finem,
1149 3250 1222 3312 ut
1257 3247 1631 3331 junctus,
1676 3249 2095 3327 addictus,
2144 3245 2677 3328 mancipatus

255 3339 331 3403 sit
373 3343 448 3422 ei,
497 3345 676 3428 cujus
723 3364 950 3411 nomen
995 3365 1138 3418 eum
1183 3350 1631 3432 praepositione
1676 3354 1761 3419 εἰς
1804 3350 2205 3432 conjunctum
2250 3347 2363 3413 est.
2390 3346 2441 3430 ¹)
2507 3346 2677 3410 Hinc

254 3440 662 3527 βαπτίσθηναι
706 3450 790 3517 εἰς
831 3444 1094 3528 Χριστὸν
1139 3452 1268 3513 est:
1312 3469 1421 3532 per
1462 3451 1851 3535 baptismum
1900 3450 2145 3517 Christo
2191 3453 2261 3515 ut
2304 3448 2679 3533 redemptori

257 3540 314 3603 et
353 3544 602 3612 domino
647 3548 942 3627 addici,
990 3553 1470 3616 consecrari
1526 3553 1705 3635 eique
1749 3552 2316 3636 incorporari,
2382 3549 2678 3625 inseri;

258 3658 358 3721 per
397 3646 787 3731 baptismum
853 3648 1021 3714 enim
1081 3650 1268 3716 homo
1336 3652 1410 3716 de
1477 3672 1764 3735 perverso
1832 3673 2054 3738 genere
2120 3652 2378 3737 primi
2443 3651 2677 3716 Adami
2741 3692 2751 3700 .

259 3750 711 3831 excerpitur
753 3748 1149 3832 (ἀπεκδύεται,
1196 3752 1532 3817 exuitur
1567 3752 1695 3819 Col.
1724 3756 1782 3832 3,
1807 3754 1894 3839 9.)
1932 3758 1995 3819 et
2028 3756 2093 3818 in
2113 3772 2310 3838 genus
2346 3752 2677 3817 alterius

259 3838 558 3933 (secundi)
602 3850 833 3915 Adami
880 3850 1171 3935 (Christi)
1226 3854 1626 3932 transfertur,
1699 3855 1932 3920 Christi
2001 3856 2238 3939 corpori
2300 3853 2563 3936 mystico
2606 3854 2678 3915 ut

260 3942 459 4013 vivum
504 3951 859 4015 membrum
904 3952 1330 4017 inseritur.
1375 3990 1460 4001 -
1501 3955 1600 4019 Ita
1645 3956 1835 4021 etiam
1879 3957 2097 4022 verba:
2142 3952 2551 4036 βαπτίζεσθαι
2593 3956 2675 4021 εἰς

261 4040 513 4112 θάνατον
555 4050 757 4128 αὐτοῦ,
802 4054 1096 4121 denotant
1117 4054 1432 4138 baptismo
1459 4054 1705 4123 Christo
1723 4057 1921 4143 jungi,
1948 4062 2019 4123 ut
2046 4076 2188 4122 cum
2216 4074 2285 4121 οο
2310 4054 2677 4120 moriamur.

267 4141 431 4221 Quod
474 4152 638 4217 enim
682 4154 748 4218 in
793 4153 1060 4233 Christo,
1108 4156 1313 4238 capite
1359 4159 1420 4220 et
1464 4161 1715 4239 parente
1751 4159 2037 4238 'omnium
2082 4158 2377 4233 fidelium,
2439 4155 2677 4220 factum

265 4248 366 4326 est,
407 4252 679 4337 idipsum
724 4255 960 4321 factum
1005 4260 1102 4321 est
1142 4257 1209 4321 in
1253 4257 1570 4338 omnibuS,
1639 4260 1747 4341 qui
1790 4278 1900 4343 per
1941 4259 2131 4326 fidem
2177 4261 2239 4327 et
2281 4257 2671 4345 baptismum

469 4472 502 4557 ¹)
539 4472 620 4527 Cf.
659 4473 1022 4530 Commentar.
1057 4476 1117 4529 in
1155 4492 1340 4546 evang.
1380 4495 1420 4533 s,
1457 4478 1661 4537 Matth.
1697 4478 1779 4547 28,
1818 4478 1900 4536 19.
