3234 4992
1222 240 1334 295 οη».
1363 242 1441 285 xi.
1466 252 1509 285 v.
1539 241 1705 285 ιτ-ιε.
2558 253 2676 313 193

241 424 413 505 panis
437 424 896 507 subcinericius
923 429 1144 495 confici
1167 430 1449 509 debebat,
1496 432 1599 515 qui
1624 450 1735 515 per
1759 434 2103 498 sacerdotes
2132 433 2260 498 Deo
2289 434 2676 501 offerebatur.

241 528 359 592 Per
400 528 573 594 hunc
623 530 756 593 Deo
800 535 1232 597 consecratum
1276 551 1500 617 panem
1538 533 1976 616 primitiarum,
2023 553 2424 619 quaecunque
2472 555 2680 601 manea

242 630 413 694 fieret
455 635 688 713 postea
735 651 805 697 ex
851 654 920 699 eo
962 634 1292 711 frumento,
1340 634 1745 718 reputabatur
1782 637 2093 699 sancta.
2139 672 2225 682 —
2267 635 2444 716 Quod
2468 637 2676 701 autem

246 732 448 814 ipsam
499 734 976 816 explicationem
1022 736 1340 819 utriusque
1387 734 1816 801 similitudinis
1840 736 2090 815 attinet,
2136 737 2504 820 interpretes.
2552 737 2680 801 dis-

247 832 543 896 sentiunt.
596 834 900 900 Nonnulli
925 855 972 899 s.
1007 834 1054 901 C
1071 836 1111 901 h
1133 857 1162 900 r
1179 857 1220 919 y
1237 856 1266 901 s
1281 855 1315 901 o
1335 837 1456 903 sto
1474 856 1539 901 m
1555 855 1597 900 u
1614 845 1680 900 m
1706 836 1923 913 secuti,
1950 840 2192 919 putant,
2220 857 2329 920 per
2352 842 2680 921 utramque

246 933 686 1016 metaphoram
733 956 928 1002 unum
971 937 1261 1020 idemque
1304 936 1653 1021 significari,
1716 938 1781 1000 et
1837 955 1944 1019 per
1987 957 2025 1020 p
2045 956 2074 1000 r
2094 937 2115 1001 i
2132 937 2231 1002 mi
2251 938 2371 1001 tia
2390 958 2419 1002 s
2464 941 2528 1001 et
2572 957 2600 1001 1·
2616 957 2680 1001 a*

246 1033 504 1099 dicem
567 1036 933 1121 intelligunt
991 1057 1036 1102 s,
1084 1037 1658 1122 patriarchas;
1721 1056 1828 1119 per
1886 1056 1945 1100 m
1969 1055 2245 1102 assam
2303 1040 2367 1101 et
2424 1057 2680 1101 ramea

247 1135 454 1197 autem
502 1136 600 1201 ch
618 1138 974 1203 ristiano
995 1157 1025 1203 s
1070 1159 1142 1203 ex
1184 1139 1228 1205 J
1243 1158 1282 1203 u
1301 1138 1527 1203 daeis
1586 1138 1895 1203 collectos.
1946 1174 2029 1184 —
2074 1137 2196 1203 Sed
2255 1137 2544 1221 praeferri
2592 1141 2680 1205 vi-

247 1222 423 1299 detur
448 1238 784 1319 explicatio
809 1258 1016 1304 eorum
1044 1239 1109 1323 (a
1132 1240 1304 1323 Lap.,
1330 1238 1639 1317 Menoch,
1686 1238 1933 1322 Tolet.),
1981 1240 2086 1322 qui
2104 1258 2214 1322 per
2256 1259 2296 1321 p
2312 1239 2456 1302 rin]
2480 1241 2496 1301 i
2516 1241 2540 1301 t
2560 1241 2576 1301 i
2596 1261 2632 1305 a
2648 1261 2680 1305 s

250 1336 622 1421 intelligunt
667 1342 1098 1423 apostolos
1143 1345 1205 1405 et
1248 1362 1288 1424 p
1313 1342 1557 1405 rimos
1600 1339 1861 1404 fidele
1883 1358 1912 1403 s
1959 1359 2029 1403 ex
2072 1340 2328 1404 Judaeis
2373 1341 2680 1405 collect-se.

251 1436 323 1499 In
365 1436 465 1501 his
512 1439 621 1503 im
639 1460 680 1523 p
700 1440 944 1505 licite
989 1444 1122 1507 tota
1165 1442 1209 1508 J
1211 1442 1548 1507 udaeorum
1594 1460 1751 1523 gens
1813 1444 1946 1504 erat
1991 1442 2120 1505 Deo
2176 1443 2432 1517 sacrata,
2496 1445 2680 1525 atque

253 1537 339 1601 ita
382 1539 723 1620 destinata,
771 1560 926 1624 quae
971 1544 1048 1607 ad
1093 1544 1454 1626 religionem
1495 1541 1900 1607 christianam
1948 1546 2385 1608 assumeretur.
2436 1581 2520 1589 —
2564 1545 2684 1609 Pei·

253 1640 619 1707 radicem
667 1645 879 1708 autem
908 1643 1296 1728 intelligendi
1319 1647 1464 1709 sunt
1488 1663 1538 1708 s.
1562 1644 1778 1728 patri
1799 1661 1929 1707 arc
1952 1644 2124 1722 hae,
2172 1648 2235 1708 et
2268 1664 2377 1727 per
2400 1665 2680 1725 rumne,

256 1757 464 1805 omnes
527 1762 602 1807 ex
664 1744 752 1808 eis
813 1745 1100 1827 prognati
1157 1745 1202 1812 J
1206 1745 1406 1810 udaei.
1496 1745 1581 1809 Hi
1646 1744 2036 1827 patriarchae
2098 1745 2347 1810 fuerunt
2393 1766 2419 1811 s
2440 1765 2476 1813 a
2492 1765 2532 1809 11
2548 1749 2624 1813 ct
2644 1749 2684 1825 i,

256 1859 361 1922 per
404 1861 588 1908 suam
635 1844 827 1909 fidem
873 1849 935 1909 et
979 1846 1374 1910 sanctitatem
1420 1845 1813 1928 pertinebant
1857 1846 1936 1910 ad
1982 1866 2016 1907 v
2035 1865 2068 1909 e
2083 1867 2112 1909 r
2132 1866 2167 1911 a
2188 1866 2251 1911 m
2309 1848 2399 1912 th
2418 1869 2448 1913 e
2468 1869 2500 1911 u
2520 1869 2552 1913 e
2572 1869 2600 1913 Γ
2620 1869 2684 1913 a·

259 1941 317 2004 ti
338 1960 373 2005 a
390 1961 451 2007 m
477 1992 492 2021 ,
542 1963 701 2027 quae
747 1946 811 2010 in
858 1944 1104 2011 Christo
1151 1947 1454 2031 apparuit,
1518 1948 1694 2012 erant
1743 1946 2025 2011 membra
2074 1948 2206 2029 ejus
2250 1967 2330 2013 ec
2348 1950 2419 2014 cl
2440 1969 2472 2013 e
2496 1953 2612 2013 sia
2632 1969 2684 2029 e,

261 2059 409 2123 quae
483 2057 580 2111 est
659 2065 692 2111 c
713 2048 847 2112 ath
864 2066 899 2111 o
920 2048 979 2112 li
999 2066 1031 2111 c
1049 2066 1085 2112 a
1104 2096 1118 2122 ,
1189 2048 1226 2111 i.
1291 2068 1339 2111 e.
1407 2048 1826 2130 complectens
1887 2049 2095 2112 omnia
2161 2052 2476 2132 tempora3
2544 2053 2688 2117 hinc

261 2144 446 2210 etiam
492 2167 534 2230 p
552 2167 586 2211 o
607 2167 638 2212 s
659 2149 736 2212 te
752 2149 820 2211 ri
862 2167 1094 2228 eorum,
1157 2148 1390 2231 singuli
1432 2147 1476 2213 J
1484 2150 1816 2214 udaeorum
1878 2149 2169 2213 destinati
2233 2154 2424 2229 erant,
2488 2153 2556 2217 ut
2608 2153 2684 2217 ad

263 2262 394 2310 eam
456 2248 853 2334 (ecclesiam)
913 2251 1390 2315 assumerentur.
1481 2248 1584 2314 In·
1631 2250 1999 2332 patriarchis
2060 2268 2202 2333 ergo
2266 2251 2369 2315 im
2388 2271 2428 2334 p
2448 2253 2504 2317 li
2524 2269 2556 2317 e
2576 2253 2688 2317 ite

261 2351 431 2411 erant
476 2367 701 2415 omnes
746 2350 790 2416 J
797 2352 974 2415 udaei
1033 2353 1360 2434 assumpti.
1422 2389 1492 2397 ---
1540 2352 1605 2417 Si
1672 2352 1763 2416 ita
1822 2352 2009 2416 verba
2068 2351 2222 2416 haec
2284 2354 2688 2437 explicantur,

263 2447 473 2528 elucet,
547 2451 720 2533 quod
786 2452 974 2517 etiam
1042 2473 1088 2518 s.
1138 2454 1188 2517 Τ
1213 2453 1308 2518 ho
1331 2473 1392 2519 m
1415 2472 1503 2518 as
1563 2454 1870 2530 observat,
1941 2454 2333 2536 „apostolum
2399 2456 2500 2521 hin
2568 2473 2688 2521 nun

263 2547 425 2631 loqui
479 2551 564 2616 de
627 2553 946 2617 actuali
999 2554 1366 2628 sanctitate;
1446 2590 1532 2600 —
1607 2572 1731 2619 non
1794 2555 1957 2618 enim
2024 2555 2295 2619 intendit
2348 2557 2688 2633 ostendere,

265 2647 532 2718 Judaeos
583 2654 933 2718 incredulos
980 2673 1118 2718 esse
1143 2658 1410 2731 sanctoS,
1457 2691 1543 2701 —
1587 2657 1695 2720 sed
1733 2656 1809 2720 de
1836 2655 2169 2721 sanctitate
2213 2657 2688 2740 potentiali.

268 2747 434 2815 Nihil
479 2754 652 2819 enim
699 2755 1002 2837 prohibet,
1065 2773 1168 2820 eos
1229 2757 1497 2839 reparari
1556 2757 1618 2820 in
1684 2757 2103 2835 sanctitatem,
2164 2777 2419 2840 quorum
2488 2761 2692 2841 patrea

270 2852 328 2914 et
379 2872 644 2936 quorum
718 2856 830 2921 filii
898 2860 1045 2922 sunt
1117 2860 1373 2924 sancti“.
1448 2896 1504 2903 --
1574 2857 1808 2921 Eodem
1874 2876 2057 2922 sensu
2117 2856 2373 2923 adhibet
2432 2877 2480 2921 e,
2548 2877 2692 2941 apu-

275 2954 465 3020 stolus
510 2975 734 3021 vocem
779 2958 950 3039 οἱγιος
1006 2959 1090 3041 (1.
1139 2956 1272 3023 Cor.
1321 2960 1379 3035 7,
1431 2960 1559 3043 14.)
1621 2961 1698 3024 de
1753 2959 1966 3024 liberis
2025 2961 2349 3043 parentum
2392 2960 2692 3025 fidelium.

472 3058 552 3123 V.
603 3060 700 3123 17.
748 3058 869 3140 „Si
910 3069 1110 3124 autem
1165 3058 1448 3123 nonnulli
1501 3082 1815 3124 ramorum
1872 3060 2146 3146 defracti
2198 3071 2355 3141 sunt,
2414 3073 2480 3125 tii
2536 3085 2696 3141 veru,

273 3175 398 3219 cum
442 3158 703 3223 oleaster
746 3183 917 3240 esses,
980 3163 1200 3226 insitus
1256 3183 1316 3225 es
1371 3163 1438 3225 in
1496 3164 1601 3242 eis,
1647 3172 1701 3225 et
1744 3162 2061 3248 particeps
2103 3162 2325 3248 factus
2366 3165 2604 3226 radicis
2644 3173 2700 3225 et

267 3258 660 3343 pinguedinis
703 3261 901 3328 olivae
914 3269 978 3344 ;“

469 3364 550 3430 V.
602 3365 697 3429 18.
746 3387 860 3444 „ne
916 3364 1188 3451 yloriare
1248 3365 1542 3430 adversus
1600 3372 1869 3430 ramos.“
1960 3365 2136 3446 Quod
2198 3365 2512 3449 apostolae
2560 3369 2696 3449 jam

278 3481 450 3531 versu
494 3485 861 3552 praegresso
906 3468 1206 3546 innuerat,
1254 3469 1383 3533 scil.
1433 3489 1510 3534 ne
1553 3469 1820 3552 gentiles
1866 3471 2116 3552 propter
2160 3486 2341 3532 suam
2384 3469 2464 3533 ad
2508 3469 2696 3533 fidem

278 3570 764 3653 assumptionem
809 3569 1165 3653 superbe
1209 3588 1354 3652 prae
1399 3569 1661 3636 Judaeis
1705 3590 1770 3635 se
1816 3570 2087 3647 efferant,
2150 3586 2375 3652 eosque
2419 3577 2698 3633 cuntem-

279 3674 442 3747 nant,
505 3690 651 3735 cum
709 3671 775 3736 hi
836 3672 901 3736 in
962 3672 1088 3736 suis
1145 3671 1560 3754 primitiis
1622 3673 1685 3735 et
1744 3672 1807 3735 in
1866 3671 2153 3735 radice
2213 3687 2325 3735 sua
2380 3670 2512 3734 Dec
2564 3669 2700 3753 jain

281 3766 402 3833 sint
445 3772 810 3851 consecrati,
855 3772 920 3836 id
965 3791 1129 3838 nunc
1173 3791 1229 3836 v,
1284 3773 1374 3836 17.
1424 3774 1487 3836 et
1534 3773 1630 3837 18.
1672 3791 1955 3855 expresse
1998 3772 2383 3855 pronunciat.
2432 3809 2504 3817 —
2556 3769 2700 3833 Pei·-

283 3867 450 3938 sistit
517 3873 618 3938 hic
683 3874 749 3937 in
816 3874 1009 3938 altera
1070 3873 1342 3956 imagine
1402 3874 1751 3950 arboriS,
1813 3891 2005 3955 quum
2049 3872 2202 3938 haec
2247 3871 2331 3936 sit
2373 3873 2704 3953 aptieeima

283 3975 514 4055 regni
581 3975 852 4039 divini
930 3976 998 4040 in
1062 3975 1240 4039 terris
1313 3974 1449 4058 (seu
1516 3973 1956 4058 ecclesiae)
2036 3974 2263 4056 imago,
2366 3971 2704 4037 Germen

286 4075 578 4141 ecclesiae
622 4079 818 4142 terrae
862 4077 1110 4141 illatum
1172 4079 1304 4140 erat
1349 4075 1566 4141 statim
1626 4078 1771 4159 post
1831 4076 2075 4157 lapsum
2124 4074 2351 4139 Adami
2394 4074 2456 4137 in
2504 4073 2704 4157 prima

286 4176 685 4262 redemptoris
729 4179 1171 4262 promissione;
1241 4179 1473 4243 radix
1539 4177 1672 4260 ejus
1732 4181 1907 4241 erant
1964 4175 2347 4258 patriarchae
2406 4173 2496 4257 (et
2564 4193 2700 4257 pru-

289 4274 529 4364 phetae)
573 4299 683 4365 per
728 4299 904 4344 suam
966 4279 1154 4344 fidem
1200 4282 1263 4342 et
1308 4298 1491 4361 spem.
1543 4280 1609 4343 in
1663 4281 1995 4343 venturum
2044 4276 2381 4352 Messiam;
2444 4277 2704 4357 :tii-pe

288 4374 466 4462 hujus
532 4382 764 4447 arboris
831 4383 1005 4446 erat
1070 4380 1550 4446 theocratia
1616 4378 1937 4463 (ecclesia)
2005 4377 2229 4442 veteris
2299 4377 2704 4453 Testamenti,

293 4484 712 4549 summitas
773 4482 1050 4567 (corona)
1112 4480 1244 4563 ejus
1308 4484 1440 4545 erat
1495 4480 1859 4545 ecclesia
1923 4480 2110 4545 novi
2174 4477 2704 4544 Testamenti.

483 4598 855 4643 Commentariun.
2428 4577 2504 4645 13
