3234 4992
533 254 616 322 68
1498 256 1606 309 unp.
1636 258 1715 300 ιν.
1741 268 1786 299 v.
1816 258 1980 300 17-18.

524 439 639 505 filii
681 439 1035 506 Abrahami
1079 440 1604 524 spirituales,
1651 445 1713 508 et
1755 443 1899 527 quia
1940 443 2076 522 filii,
2120 442 2265 509 hinc
2291 444 2354 508 et
2396 441 2751 508 haerede
2777 459 2824 506 s,
2874 477 2970 488 —

525 539 702 622 „Qui
742 549 828 606 est
855 551 1045 627 pater
1088 542 1354 608 omnium
1395 547 1711 609 nostrwn“
1723 569 1746 626 ;
1788 545 1829 612 i.
1876 565 1925 610 e.
1996 545 2102 628 qui
2146 543 2546 610 Abrahamus
2612 546 2793 628 pater
2859 545 2973 608 est

525 642 807 709 omnium
852 647 1134 709 nostrum
1200 645 1609 727 credentium,
1672 648 1808 712 tam
1852 645 1896 712 J
1900 646 2239 712 udaeorum
2257 693 2277 726 ,
2343 663 2534 728 quam
2598 644 2964 728 gentilium.

526 743 704 824 Quod
746 743 961 809 statim
1003 765 1061 811 v.
1111 745 1207 811 17.
1255 747 1496 830 probat.

732 844 810 909 V.
858 847 954 911 17.
1000 844 1220 926 „Sicut
1252 847 1550 941 'scriptum
1593 856 1681 912 est
1698 871 1719 912 .·
1786 848 2034 912 Patrem
2094 847 2427 912 multarum
2469 847 2734 932 yentium
2770 847 2973 932 posui

525 949 670 1026 te“;
710 945 750 1011 i.
798 964 848 1011 e.
897 947 1188 1012 constitui
1228 949 1293 1012 te
1358 949 1890 1033 praeordinatione
1956 953 2019 1013 et
2082 949 2394 1034 proposito
2460 948 2829 1014 certissimo.
2882 985 2968 994 —

526 1047 642 1112 Est
685 1047 820 1115 scil.
868 1047 1266 1132 praeteritum
1313 1049 1748 1132 prophetie
1768 1069 1810 1114 u
1832 1069 1897 1114 m
1962 1067 2071 1133 pro
2134 1050 2343 1115 futuro
2389 1050 2467 1114 ob
2513 1049 2969 1113 certitudinem

524 1148 612 1213 rei
654 1147 918 1214 futurae.
963 1185 1049 1198 —-
1090 1149 1434 1216 Promissio
1476 1150 1652 1230 haec,
1700 1168 1855 1233 quae
1900 1151 2254 1216 continetur
2298 1149 2524 1216 Genea.
2572 1151 2671 1229 17,
2714 1149 2797 1227 5.,
2841 1149 2967 1214 ubi

526 1249 804 1315 redditur
845 1268 1033 1316 causa
1074 1250 1347 1316 nominis
1393 1249 1720 1331 Abram,
1784 1252 1850 1316 in
1893 1251 2316 1317 Abraham
2373 1252 2621 1330 mutati,
2680 1251 2971 1334 proxime

525 1350 739 1434 (sensu
783 1349 1040 1435 literali)
1098 1352 1174 1415 de
1219 1352 1534 1417 carnali
1579 1351 1929 1417 Abrahami
1993 1353 2357 1435 posteritate
2400 1352 2551 1436 agit,
2616 1352 2969 1435 interprete

526 1453 808 1536 apostolo
834 1450 1050 1537 (sensu
1092 1453 1403 1536 typico)
1449 1453 1855 1537 intelligenda
1878 1457 1975 1519 est
1997 1454 2074 1518 de
2118 1453 2558 1536 spirituali
2601 1452 2969 1517 Abrahami

525 1553 909 1636 posteritate,
955 1554 1031 1617 de
1075 1553 1322 1636 populis
1367 1549 1556 1620 fidem
1600 1554 1948 1620 Abrahami
1993 1554 2394 1620 sectantibus,
2487 1552 2771 1619 Citatum
2837 1553 2969 1618 hoc

527 1654 624 1718 est
666 1655 966 1737 tanquam
1009 1657 1353 1738 parenth
1377 1657 1600 1721 etica
1646 1657 1953 1730 sententia
1978 1656 2373 1735 sumendum,
2419 1656 2513 1721 uti
2534 1656 2743 1740 graeci
2764 1655 2969 1720 inter—

527 1756 737 1838 pretes
781 1754 1038 1819 faciunt.
1090 1791 1163 1803 —
1209 1754 1485 1834 „Coram
1526 1755 1683 1836 Dec,
1727 1758 1829 1821 cui
1869 1756 2193 1821 credidit&
2272 1755 2615 1830 Graecum:
2664 1757 2973 1818 κατέναντι

529 1854 602 1917 οὖ
647 1857 941 1917 ἐπίστευσε
982 1857 1138 1916 θεοῦ
1179 1875 1289 1939 per
1351 1857 1784 1922 attractionem
1853 1858 2088 1923 dictum
2148 1863 2244 1923 est
2309 1875 2453 1941 pro:
2518 1859 2811 1920 κατέναντι
2855 1862 2975 1918 τοῦ

527 1963 697 2035 θεοῦ,
744 1953 796 2036 ῳ*
839 1960 1150 2019 ἐπίστευσε.
1192 1995 1278 2005 -
1314 1958 1603 2021 κατέναντι
1635 1959 1911 2043 proprie:
1958 1979 1991 2023 e
2034 1959 2397 2042 regione,
2444 1977 2534 2023 ex
2577 1959 2975 2036 adversm

529 2057 672 2124 dein
716 2076 1026 2138 coram,
1090 2058 1156 2122 in
1221 2062 1703 2145 conspectu;
1767 2059 1877 2124 ubi
1922 2060 1997 2124 de
2043 2060 2199 2124 Deo
2266 2060 2636 2138 adhibetur,
2707 2061 2976 2126 denotat

529 2157 646 2244 (uti
691 2158 956 2236 ἐνώπιον,
1017 2158 1296 2245 ἐναντίον)
1355 2160 1712 2245 improprio·
1753 2159 2105 2243 significatu
2170 2178 2345 2226 mox:
2411 2162 2469 2226 D
2494 2179 2577 2227 eo
2635 2161 2726 2242 ju
2751 2161 2935 2225 dice
2955 2211 2974 2239 ,

528 2279 701 2327 mox:
748 2281 833 2326 ex
875 2261 1018 2326 Dei
1061 2262 1531 2341 voluntate,
1576 2264 1649 2325 ut
1690 2261 1754 2326 h.
1798 2262 1838 2326 l.
1888 2260 2108 2328 Graeci
2152 2282 2185 2326 e
2230 2265 2443 2328 contra
2488 2262 2750 2327 sumunt
2787 2280 2976 2346 prae-

529 2363 712 2427 eunte
759 2381 808 2426 s.
859 2360 1454 2447 Chrysostomo
1515 2361 1903 2446 significatu:
1972 2364 2064 2428 ad
2108 2364 2602 2446 exemplum,
2672 2363 2971 2428 instar.

529 2460 760 2529 Sensus
825 2464 957 2527 est:
1023 2463 1130 2545 qui
1195 2460 1649 2548 (Abrahamus)
1715 2467 1893 2547 pater
1956 2467 2054 2529 est
2118 2464 2399 2530 omnium
2464 2466 2772 2544 nostrum,
2841 2481 2978 2529 non

521 2562 756 2645 judicio
798 2562 1254 2641 hominum,
1323 2563 1667 2628 secundum
1734 2564 1897 2647 quod
1940 2567 2038 2629 est
2083 2566 2285 2631 solum
2329 2567 2505 2648 pater
2547 2564 2967 2642 Judaeorum,

531 2663 640 2727 sed
685 2682 756 2728 ex
799 2663 951 2729 Dei
986 2663 1308 2747 judicio
1376 2668 1440 2729 et
1493 2665 1833 2744 voluntate,
1902 2670 1965 2731 et
2008 2667 2256 2750 quidem
2302 2667 2461 2745 ideo,
2509 2666 2655 2750 quia
2699 2666 2976 2732 credidit

529 2763 661 2828 Deo
706 2764 1112 2848 promittenti,
1161 2783 1226 2828 se
1269 2766 1426 2830 velle
1455 2784 1598 2830 eum
1644 2766 1847 2830 facere
1890 2770 2135 2850 patrem
2158 2768 2504 2833 multarum
2547 2767 2857 2852 gentium.
2890 2805 2972 2816 —

527 2862 702 2945 „Qui
742 2865 1013 2949 vimflcat
1053 2870 1381 2946 mortuos&
1447 2866 1484 2931 i.
1535 2886 1585 2930 e.
1656 2867 1761 2950 qui
1828 2870 2180 2933 emortuum
2248 2887 2469 2952 corpus
2536 2869 2833 2935 Abrahae
2902 2873 2975 2934 et

529 2965 720 3032 Sarae
763 2966 1036 3032 vivificat
1079 2969 1157 3032 ad
1201 2968 1645 3051 generandum,
1694 2968 1993 3033 nimirum
2038 2969 2239 3034 dando
2286 2970 2373 3034 eis
2417 2970 2496 3034 ad
2536 2971 2974 3054 generandum

529 3067 892 3153 simpliciter
956 3068 1286 3153 (absolute)
1351 3067 1800 3152 impotentibus
1822 3119 1838 3148 ,
1901 3070 2197 3135 virtutem
2262 3070 2634 3154 generandi3
2708 3072 2786 3136 de
2848 3089 2972 3156 quo

525 3190 582 3235 v.
633 3171 732 3236 19.
780 3189 1064 3254 expresse
1109 3188 1312 3235 sermo
1356 3170 1446 3234 fit.
1498 3207 1574 3217 —
1618 3167 1747 3248 „Et
1786 3179 1962 3234 vocat
2002 3192 2095 3250 ea,
2140 3193 2295 3257 quae
2315 3194 2438 3236 non
2460 3180 2619 3252 sunt,
2666 3180 2975 3258 tanquam

529 3293 625 3350 ea,
671 3294 825 3358 quae
867 3275 1050 3336 mnff‘
1063 3295 1086 3353 ;
1130 3271 1168 3336 i.
1217 3291 1266 3335 e.
1315 3271 1420 3354 qui
1462 3289 1586 3336 non
1632 3270 1961 3336 existentia
2002 3275 2182 3352 vocat
2225 3292 2258 3336 e
2302 3270 2516 3352 nihilo,
2582 3276 2645 3337 et
2691 3292 2768 3338 ea
2811 3272 2968 3338 facit

533 3372 808 3437 existere.
897 3373 1020 3438 Per
1082 3371 1155 3434 τοὶ
1193 3372 1276 3454 μή
1332 3371 1473 3435 ὄντα
1518 3375 1666 3436 sunt
1707 3372 1900 3437 relate
1943 3373 2021 3436 ad
2068 3373 2499 3438 Abrahamum
2564 3373 2966 3458 intelligendi

528 3460 770 3538 mul‘ti
812 3474 1135 3557 populi,
1185 3466 1336 3555 quos
1383 3475 1440 3538 ei
1481 3474 1654 3538 Deus
1699 3475 1999 3555 tanquam
2065 3473 2500 3557 posteritatem
2564 3475 2961 3558 promiserat,

527 3575 590 3637 et
635 3573 739 3655 qui
784 3575 935 3638 tunc
978 3573 1280 3657 temporis
1325 3574 1526 3640 adhuc
1567 3571 1647 3654 μή
1697 3571 1835 3635 ὄντα
1878 3577 2073 3639 erant.

731 3673 1072 3756 Postquam
1116 3674 1182 3738 iu
1225 3675 1605 3758 praegressis
1672 3675 1990 3759 apostolus
2052 3674 2455 3758 probaverat,
2517 3674 2972 3748 Abrahamum

525 3791 647 3840 non
693 3772 932 3839 ratione
960 3772 1178 3840 habita
1221 3792 1579 3858 operum,
1628 3793 1740 3840 nec
1784 3775 2491 3856 circumcisionis,
2537 3794 2654 3841 nec
2697 3776 2969 3860 legis,

523 3875 632 3940 sed
677 3893 786 3958 per
850 3873 882 3938 f
889 3873 1103 3940 idem
1161 3873 1574 3959 justificatum
1639 3875 1856 3955 fuisse,
1924 3894 2087 3940 nunc
2154 3876 2448 3943 describit
2513 3876 2695 3956 fidei,
2774 3896 2971 3960 quam

521 3974 849 4042 Abraham
891 3975 1132 4055 habuit,
1176 3975 1259 4040 in
1274 3976 1312 4040 d
1329 3977 1398 4040 ol
1413 3995 1446 4040 e
1467 3996 1548 4041 m.

719 4077 793 4144 V.
843 4078 940 4144 18.
986 4076 1162 4156 „Qui
1202 4085 1415 4141 contra
1456 4099 1621 4164 spem
1664 4100 1798 4142 oum
1840 4098 1944 4164 spe
1968 4078 2272 4143 credidiff‘
2291 4102 2315 4160 ,·
2357 4079 2395 4143 i.
2436 4098 2486 4144 e.
2514 4079 2639 4162 qui,
2669 4081 2969 4162 quamvis

519 4180 788 4246 naturali
831 4179 934 4245 via
975 4197 1118 4263 spes
1142 4198 1264 4245 non
1287 4179 1555 4258 adesset,
1602 4180 1883 4245 futurum
1910 4181 2174 4246 credidit
2197 4184 2447 4265 propter
2468 4181 2964 4265 promissionem

520 4280 812 4347 divinam.
864 4320 897 4329 -
986 4279 1119 4362 παρ’
1169 4283 1391 4358 ἐλπίδα,
1458 4284 1745 4346 contra
1810 4301 2060 4364 spem,
2129 4283 2168 4347 i.
2234 4302 2283 4346 e.
2348 4285 2563 4348 contra
2626 4283 2726 4361 id,
2799 4283 2966 4366 quod

524 4384 868 4448 secundum
911 4384 1170 4450 naturae
1214 4384 1386 4468 leges
1432 4382 1556 4468 (via
1577 4383 1871 4468 naturali)
1905 4383 2138 4467 sperari
2157 4384 2417 4467 poterat.
2474 4420 2545 4430 —
2600 4381 2688 4465 ¹n’
2736 4383 2965 4461 ἐλπίδι,

517 4500 688 4552 cum
733 4503 902 4575 spe,
967 4485 1007 4548 i.
1056 4504 1107 4550 e.
1157 4501 1425 4569 sperans.
1519 4485 1591 4550 In
1638 4484 1893 4553 verbis:
1959 4487 2171 4550 contra
2238 4503 2413 4569 spem
2459 4503 2606 4550 cum
2675 4499 2790 4570 spe
2859 4489 2960 4550 est

2843 4947 2976 4963 ,ει-κ·-
3004 4946 3013 4953 '
