3234 4992
1214 269 1324 324 cap.
1352 271 1406 312 v.
1435 281 1481 312 v.
1507 271 1625 313 Η.
2552 271 2635 338 73

417 453 494 519 V.
541 453 602 519 3.
651 453 844 533 „Non
885 454 1080 520 eolwm
1122 462 1387 537 autem“,
1433 457 1675 524 scilicet
1715 457 2055 542 gloriamur
2116 457 2185 521 in
2247 456 2368 522 hac
2432 457 2635 540 gratia

224 553 292 618 de
333 553 494 619 laeta
524 574 638 638 spe
659 555 889 638 gloriae
911 557 1172 623 futurae.
1226 593 1298 606 -—-
1346 557 1517 638 „Sed
1535 557 1877 644 qloriamwr
1898 567 1955 622 et
1972 559 2040 622 in
2062 546 2599 622 tribulationibuffl
2611 581 2635 638 ;

223 655 262 719 i.
305 675 355 720 e.
405 656 517 720 sed
561 656 904 740 gloriamur
947 659 1134 726 etiam
1181 658 1257 723 de
1301 658 1741 724 afflictionibus
1786 662 1851 725 et
1892 659 2210 742 pressuris.
2294 658 2633 742 Apostolus

224 756 280 821 h.
323 757 362 820 l.
411 757 714 840 cogitavit
759 759 1029 824 maxime
1073 760 1148 824 de
1191 759 1314 825 illis
1357 759 1818 840 afflictionibus,
1887 778 2041 842 quas
2086 759 2406 824 christiani
2449 777 2633 826 evan-

222 856 360 940 gelii
404 875 594 924 causa
627 860 1001 943 paterentur.
1048 859 1119 923 οὗ
1141 857 1320 940 μόνον
1344 865 1442 926 est
1484 861 1863 946 gradatio
1906 859 2005 943 (ut
2028 859 2089 940 8,
2115 861 2211 926 11.
2236 861 2353 938 233
2396 859 2457 941 9,
2483 860 2630 944 10.).

227 993 294 1004 -
337 955 650 1035 „Scientes
663 1007 684 1039 ,
749 959 1200 1027 tribulationem
1262 963 1669 1028 constantiam
1732 961 2059 1049 operari“;
2124 961 2298 1044 quasi
2366 961 2630 1026 diceret:

223 1057 442 1142 Utpote
487 1059 597 1142 qni
641 1061 897 1142 scimus,
943 1063 1042 1127 vel
1085 1063 1230 1145 quia
1291 1063 1544 1130 scimus.
1635 1063 1759 1129 Hic
1804 1081 1944 1128 cau
1964 1081 1993 1128 s
2012 1080 2131 1126 am
2187 1060 2453 1144 exponit,
2526 1081 2635 1127 cur

223 1158 284 1222 in
342 1159 788 1226 afflictionibus
853 1163 982 1228 suis
1056 1164 1398 1248 glorientur
1459 1165 1804 1249 justificati.
1892 1161 2162 1244 ὑπομονὴ
2225 1165 2323 1228 est
2389 1163 2634 1248 proprie

225 1263 677 1342 permansio
721 1263 1198 1345 ineodemloco,
1243 1267 1386 1332 dein
1429 1267 1935 1345 constantia,
1983 1263 2633 1351 perseverantia;

225 1361 277 1424 h.
320 1361 360 1426 l.
421 1365 516 1426 est
585 1363 831 1430 stabilis
901 1367 966 1448 et
1021 1370 1320 1450 perpetua
1383 1367 1738 1450 permansio
1802 1367 1866 1432 in
1931 1365 2199 1432 tenenda
2264 1363 2635 1430 christianae

226 1460 532 1545 religionis
579 1465 752 1530 recta
795 1465 1184 1548 professione.
1235 1467 1443 1548 Quum
1486 1487 1631 1534 vero
1674 1468 2025 1534 constantia
2067 1467 2220 1532 haec
2264 1466 2427 1530 inter
2469 1465 2636 1546 mala

227 1564 479 1645 nequeat
521 1565 931 1646 manifestari,
977 1568 1096 1633 nisi
1141 1587 1250 1652 per
1292 1570 1683 1653 patientiam,
1743 1569 1983 1635 factum
2026 1570 2157 1646 est,
2224 1570 2296 1631 ut
2356 1565 2634 1631 nonnulli

228 1661 428 1744 (etiam
473 1665 856 1753 Vulgata)
903 1687 1088 1734 sensu
1131 1687 1254 1735 non
1301 1671 1542 1736 diverso
1584 1671 1929 1736 verterent:
1973 1668 2491 1753 patientiam.

361 1837 364 1842 ,
412 1766 486 1830 V.
534 1767 596 1832 4.
644 1767 1117 1848 „Constantiam
1158 1779 1358 1834 autem
1388 1771 1725 1856 probatam
1766 1770 2052 1850 indolem,
2103 1767 2435 1856 probatam
2494 1788 2636 1832 vcro

229 1863 476 1930 indolem
519 1873 750 1954 spem“,
795 1870 1033 1935 scilicet
1056 1872 1310 1954 operari.
1359 1871 1511 1937 Vult
1536 1872 1770 1937 dicere:
1817 1871 2249 1937 Constantiam
2273 1870 2337 1934 in
2360 1869 2635 1936 adversis

232 1981 334 2028 nos
375 1968 630 2034 reddere
675 1971 986 2054 probatos,
1033 1989 1152 2054 quo
1197 1973 1339 2038 dein
1383 1974 1738 2038 accenditur
1783 1992 1923 2056 spes
1968 1972 2212 2037 futurae
2254 1971 2487 2054 gloriae
2522 1989 2633 2035 seu

229 2064 526 2135 beatitatis
555 2073 862 2139 aeternae.
909 2071 1141 2155 δοκιμὴ,
1183 2074 1480 2157 probatio,
1529 2074 1899 2157 explorati03
1945 2073 2088 2138 dein
2110 2072 2370 2156 probata
2392 2071 2629 2137 indoles

231 2183 509 2248 personae
557 2173 658 2237 vel
701 2173 808 2258 rei.

410 2270 486 2336 V.
535 2273 597 2338 5.
644 2272 872 2359 „Spem
914 2283 1116 2338 autem
1170 2297 1293 2340 non
1345 2275 1808 2362 pudefacere“;
1872 2275 2047 2359 quasi
2111 2273 2375 2338 diceret:
2442 2271 2634 2356 Spem

235 2366 484 2438 hominis
527 2374 852 2440 christiani
895 2374 962 2460 (ἤ
1002 2375 1171 2448 ἐλπίς
1215 2395 1359 2442 cum
1402 2378 1692 2461 articulo)
1731 2378 1795 2442 in
1819 2377 1938 2442 Dei
1959 2375 2283 2460 promissis
2306 2374 2633 2439 fundatam

235 2486 344 2534 non
383 2473 600 2540 fallere
643 2495 937 2559 unquam.
1000 2478 1171 2545 Dicit
1213 2498 1322 2561 per
1363 2479 1834 2563 metonymiam,
1880 2477 2191 2542 effectu
2236 2493 2345 2558 pro
2391 2493 2638 2540 causa

235 2571 434 2652 posito,
481 2595 664 2661 spem
709 2595 833 2642 non
895 2598 936 2661 p
956 2597 998 2642 u
1018 2578 1158 2643 def
1165 2597 1428 2659 acere,
1495 2580 1640 2662 quia
1704 2579 2002 2644 nimirum
2072 2577 2304 2661 pudore
2348 2575 2634 2655 afficitur,

239 2672 331 2750 qui
369 2691 472 2757 spe
515 2695 633 2743 sua
676 2677 1024 2743 frustratur.
1086 2717 1151 2728 -
1198 2679 1416 2760 „Quia
1458 2681 1731 2745 charitas
1772 2679 1899 2743 Dei
1938 2677 2133 2764 officim
2156 2677 2329 2742 estin
2352 2675 2637 2740 cordibus

239 2775 443 2838 noerio
470 2798 598 2862 per
641 2777 946 2864 Spiritmn
1009 2789 1304 2861 sanctwm,
1367 2783 1474 2866 qui
1521 2778 1719 2845 ‘datus
1781 2789 1867 2844 est
1928 2778 2161 2844 nobis“.
2247 2776 2473 2842 Verbis
2537 2777 2635 2842 his

241 2873 514 2967 redditur.
556 2899 590 2944 r
608 2879 774 2946 atio
794 2929 810 2958 ‚
877 2899 1065 2964 quare
1129 2901 1272 2966 spes
1337 2881 1606 2948 hominis
1674 2881 1993 2948 christiani
2056 2897 2180 2944 non
2245 2877 2427 2956 fallit,
2493 2877 2639 2962 quia

238 2969 510 3044 fundatur
555 2979 622 3045 in
665 2980 967 3046 charitate
1013 2983 1148 3048 Dei.
1197 2982 1404 3064 Quum
1449 2983 1552 3049 hic
1595 2983 1717 3049 loci
1741 2983 1824 3048 sit
1846 2998 2047 3048 sermo
2094 2979 2171 3045 de
2216 2997 2249 3044 e
2269 2979 2341 3043 ff
2352 2978 2636 3043 usione

241 3072 544 3146 charitatis
603 3101 712 3165 per
769 3082 1075 3166 Spiritum
1141 3085 1430 3149 sanctum
1492 3087 1557 3148 et
1623 3084 1688 3148 in
1752 3083 2036 3148 versibus
2098 3079 2497 3164 sequentibus
2561 3079 2636 3143 de

242 3191 296 3237 m
315 3182 478 3246 orte
549 3181 780 3248 Christi
843 3203 952 3268 pro
1017 3185 1197 3250 nobis
1264 3184 1691 3269 peccatoribus
1753 3184 2017 3248 tolerata
2034 3230 2049 3260 ,
2118 3182 2339 3258 elucet,
2408 3179 2631 3245 verba:
2680 3181 2685 3184 ’

244 3274 322 3340 oh
345 3283 600 3349 aritas
644 3284 792 3350 Dei
856 3286 1130 3369 proxime
1173 3286 1581 3371 intelligenda
1625 3303 1761 3350 esse
1806 3285 1881 3348 de
1939 3282 2239 3348 charitate
2282 3280 2399 3345 Dei
2442 3297 2637 3364 erga

203 3391 318 3467 '110
334 3397 378 3444 s.
421 3384 773 3467 Apostolus
817 3387 954 3452 vult
995 3387 1232 3452 dicere:
1272 3386 1426 3470 Spes
1469 3388 1681 3452 nostra
1723 3383 2117 3469 (christiana)
2158 3400 2273 3448 nos
2304 3398 2427 3446 non
2450 3380 2633 3459 fallit,

239 3477 364 3555 quia
401 3483 464 3549 in
513 3484 814 3551 charitate
858 3486 996 3565 Dei,
1044 3507 1166 3570 qua
1209 3487 1387 3553 nobis
1433 3486 1735 3572 Spiritum
1778 3488 2066 3551 sanctum
2112 3484 2300 3564 dedit,
2370 3486 2431 3548 et
2492 3483 2636 3548 dein

239 3573 448 3650 Filium
495 3605 678 3653 suum
723 3607 832 3673 pro
897 3589 1074 3654 nobis
1141 3589 1345 3654 adhuc
1408 3587 1833 3672 peccatoribus
1897 3586 1962 3651 in
2028 3588 2296 3651 mortem
2360 3583 2633 3663 tradidit,

239 3673 646 3752 firmissimam
690 3688 883 3754 habet
926 3690 1495 3773 sponsionem,
1557 3689 1736 3772 quasi
1794 3687 2091 3772 pignus
2136 3706 2335 3752 suum.
2425 3685 2633 3766 Quum

241 3785 430 3852 autem
474 3789 627 3854 haec
668 3790 790 3854 Dei
832 3790 1104 3856 charitas
1149 3809 1296 3875 erga
1337 3808 1448 3856 nos
1513 3791 1649 3854 tum
1716 3789 1919 3854 solum
1985 3787 2068 3852 sit
2132 3788 2629 3864 fundamentum,

243 3889 472 3962 sponsio
515 3890 798 3975 (pignus)
843 3891 978 3976 spei
1020 3895 1282 3970 nostrae,
1339 3892 1393 3956 si
1457 3891 1648 3956 etiam
1714 3893 1991 3956 nostram
2056 3889 2423 3954 charitatem
2489 3905 2636 3970 erga

244 3977 428 4054 Deum
471 3993 854 4071 accenderat,
923 4012 1031 4058 seu
1095 3993 1149 4057 si
1191 3993 1376 4057 etiam
1423 4010 1518 4057 no
1537 4011 1566 4058 s
1611 3993 1815 4056 Deum
1860 3990 2201 4074 diligimus,
2268 3989 2459 4073 patet,
2526 4006 2635 4070 per

241 4085 436 4158 verba:
481 4092 858 4159 charitas
904 4094 1056 4158 Dei
1101 4094 1291 4160 simul
1331 4092 1807 4177 intelligendam
1852 4110 1991 4158 esse
2022 4091 2394 4156 charitatem
2440 4106 2629 4171 erga

241 4177 494 4272 Deum,
562 4212 674 4258 seu
731 4195 1140 4274 charitatem,
1209 4213 1329 4278 qua
1385 4212 1497 4260 nos
1542 4194 1746 4258 Deum
1814 4192 2137 4276 diligimus
2208 4191 2330 4275 (uti
2398 4187 2629 4254 Concil.

243 4278 392 4354 Trid.
435 4311 584 4360 sess.
630 4294 739 4360 VI.
789 4315 840 4360 e.
889 4297 947 4360 7.
991 4296 1332 4380 intelligit).
1377 4333 1462 4344 —
1503 4295 1845 4379 Apostolus
1889 4293 2145 4359 adhibet
2185 4292 2246 4357 h.
2293 4293 2333 4356 l.
2374 4291 2630 4358 verbum

244 4379 449 4472 ἐκχέειν,
491 4396 965 4478 effundere,
1010 4398 1171 4481 quod
1193 4401 1448 4481 sumpta
1484 4397 1849 4480 metaphora
1871 4396 1947 4460 de
1990 4412 2381 4478 aquarum
2427 4393 2642 4459 effu--

242 4486 447 4560 sione
487 4496 698 4584 (Joan.
743 4499 802 4580 7,
849 4499 978 4584 38.)
1022 4497 1607 4569 abundantiam
1651 4501 1893 4579 notanS,
1938 4497 2005 4565 in
2047 4495 2313 4565 Actibus
2358 4495 2447 4582 (2,
2494 4495 2627 4581 33.)
