3234 4992
1318 234 1429 293 cap.
1457 240 1582 283 vm.
1607 252 1654 283 v.
1680 244 1747 285 11.
2597 237 2719 305 123

255 424 370 491 illa
421 425 624 491 debet
675 428 1016 513 complecti
1061 429 1250 495 etiam
1284 431 1496 494 nostra
1539 446 1867 513 corpora
1910 426 2227 502 mortalia3
2273 428 2335 489 et
2378 424 2716 508 sponsio

257 527 520 613 (arrha),
551 531 752 611 quasi
775 550 814 613 p
839 531 860 594 i
875 550 973 614 gn
993 551 1034 594 u
1053 550 1080 595 8
1105 530 1290 614 hujus
1322 530 1783 595 resurrectionis
1815 530 2081 613 corporis
2099 529 2245 593 data
2262 526 2356 592 est
2381 526 2714 591 christiano

252 630 315 694 in
361 630 688 715 Spiritu
737 636 1028 709 sancto,
1069 633 1173 716 qui
1215 634 1279 697 in
1317 651 1388 697 eo
1412 631 1673 697 habitat.
1725 669 1797 679 -
1848 632 1969 696 Hic
1994 632 2089 695 est
2132 648 2349 695 sensus
2390 628 2714 693 verborum

254 752 302 795 s.
334 734 647 814 apostoli,
695 734 752 799 si
779 754 920 799 cum
944 735 1238 818 Vulgata,
1283 736 1502 800 multis
1525 734 1818 798 Patribus
1844 736 2027 815 atque
2055 730 2492 815 interpretibus
2518 729 2717 815 (juxta

252 834 430 898 codd.
473 835 557 899 D.
605 836 686 899 E.
732 834 800 899 F.
842 835 914 901 G.
957 837 1004 901 Ι.
1049 836 1155 921 Κ.)
1217 838 1486 921 legimus
1546 836 1649 898 διοὶ
1710 839 1779 898 τὸ
1816 838 2093 904 ,ἐνοικοῦν
2136 832 2317 895 αὐτοῦ
2370 835 2608 911 πνεῦμα.
2634 869 2715 881 -

248 934 478 1000 Ρ111108
507 936 753 1002 Patres
795 939 1001 1020 graeci
1026 938 1224 1022 (juxta
1263 939 1435 1004 codd.
1467 938 1542 1003 A.
1561 940 1633 1004 B.
1652 937 1746 1022 G.)
1781 938 2029 1021 legunt:
2076 934 2177 999 διὰ
2206 940 2313 998 τοῦ
2350 939 2712 1008 ἐνοικοῦντος

249 1034 438 1098 αὐτοῦ
481 1034 836 1117 πνεύματος
880 1039 994 1124 (ρο
1014 1060 1044 1104 1
1085 1040 1536 1104 inhabitantem
1585 1039 1882 1124 Spiritum
1930 1059 2113 1105 suum
2156 1040 2220 1104 in
2253 1038 2474 1123 vobis),
2521 1056 2703 1122 quam

246 1138 597 1205 lectionem
653 1142 853 1207 etiam
883 1141 1131 1206 Tisch
1151 1160 1183 1205 0
1203 1143 1298 1206 nd
1319 1142 1444 1207 orf
1455 1143 1537 1205 iu
1557 1160 1586 1205 s
1629 1145 1819 1207 tenet.
1846 1178 1928 1189 --
1949 1142 2143 1207 Juxta
2184 1142 2344 1205 hanc
2380 1140 2708 1205 lectionem

251 1238 531 1322 Spiritus
561 1247 833 1308 sanctus
857 1246 1355 1326 repraesentatur
1376 1245 1447 1307 ut
1480 1261 1512 1307 c
1531 1262 1568 1308 a
1587 1264 1631 1307 11
1659 1262 1741 1308 sa
1774 1244 1856 1308 ef
1862 1243 1895 1308 f
1902 1244 2119 1308 icien
2137 1262 2165 1307 s
2196 1242 2332 1326 (seu
2356 1241 2705 1326 mediator),

251 1361 360 1425 per
407 1361 634 1425 ,quam
685 1346 796 1411 illa
861 1362 1186 1428 corporum
1244 1344 1574 1410 vivificatio
1636 1346 2016 1429 perficietur:
2086 1344 2583 1429 repraesentatur
2640 1344 2711 1408 ut

249 1442 524 1524 interna,
577 1446 784 1511 etiam
832 1464 1088 1529 corpora
1114 1462 1434 1525 renovanS‚
1482 1446 1641 1523 vis3
1691 1465 1811 1529 qua
1860 1446 2261 1529 explicatione
2306 1444 2706 1510 divinitas

251 1543 530 1628 Spiritus
559 1549 774 1613 sancti
799 1548 1021 1613 clarius
1045 1552 1328 1632 expressa
1353 1550 1535 1613 esset.
1585 1548 1650 1613 Si
1674 1567 1815 1614 vero
1850 1548 2118 1632 legimus
2144 1546 2626 1611 Accusativu
2645 1564 2707 1609 m

251 1645 350 1709 διὰ
373 1647 446 1712 τὸ
476 1696 491 1708 .
519 1696 534 1710 .
562 1697 578 1710 .
616 1656 870 1731 πνεῦμα,
893 1653 1127 1734 propt
1146 1670 1226 1715 er
1335 1699 1369 1728 .,
1418 1649 1683 1733 Spiritus
1714 1654 1967 1715 sanctus
1994 1652 2088 1713 est
2117 1650 2363 1712 tantum
2397 1647 2707 1730 sponsio

252 1746 490 1835 (arrha)
517 1755 785 1817 nostrae
826 1752 1287 1817 resurrectionis
1333 1751 1684 1834 corporalis.
1753 1789 1785 1797 —
1816 1789 1829 1796 --
1896 1750 2055 1830 Quia
2097 1750 2197 1814 hic
2238 1749 2539 1833 cogitatus
2595 1767 2706 1831 po-

255 1850 486 1917 sterior
521 1871 720 1937 saepe
766 1854 832 1918 in
865 1853 1140 1937 epistolis
1184 1874 1232 1918 8.
1254 1854 1437 1917 Pauli
1482 1852 1751 1917 occurrit
1775 1850 1858 1937 (2.
1887 1851 2019 1917 Gor.
2046 1851 2104 1930 5,
2131 1852 2188 1916 5.
2211 1850 2438 1934 EpheS.
2468 1850 2524 1927 1,
2554 1849 2705 1934 14.),

252 1952 371 2033 pri
394 1971 430 2018 0
449 1975 484 2017 r
531 1974 710 2033 vero,
738 1956 996 2034 scilicet,
1037 1957 1196 2039 quod
1220 1955 1553 2020 vivificatio
1580 1955 1849 2038 corporis
1874 1954 2083 2018 futura
2110 1953 2192 2017 sit
2236 1973 2276 2036 p
2294 1972 2326 2015 0
2345 1971 2376 2015 r
2408 1950 2705 2034 Spiritum

261 2056 585 2135 sanctum,
637 2076 762 2121 non
799 2058 863 2122 in
908 2057 1038 2122 illis
1068 2058 1310 2139 legitur,
1357 2058 1538 2122 lectio
1583 2076 1726 2121 cum
1760 2056 2024 2120 Aecus
2044 2055 2263 2119 ativo
2308 2052 2707 2136 praeferenda

265 2158 375 2219 est.
449 2156 758 2224 Ceterum
802 2160 866 2223 in
913 2160 1402 2224 substantia
1447 2178 1670 2224 80118118
1716 2176 1839 2223 11011
1880 2156 2161 2240 divergit,
2210 2156 2339 2220 sive
2384 2173 2527 2231 una,
2576 2155 2705 2217 sive

260 2255 458 2321 altera
503 2258 807 2325 teneatur
849 2259 1047 2325 lectio.
1073 2260 1379 2325 ——Vera
1424 2261 1586 2324 enim
1636 2260 1819 2337 vita,
1868 2278 2022 2341 quae
2052 2259 2128 2321 in
2166 2260 2375 2322 nostro
2421 2256 2704 2340 spiritu

265 2354 532 2443 (anima)
582 2382 723 2443 per
775 2361 1297 2427 inhabitationem
1345 2360 1606 2444 Spiritus
1654 2362 1854 2425 sancti
1897 2360 2186 2438 efficitur,
2256 2379 2320 2423 se
2369 2360 2556 2424 simul
2602 2378 2702 2423 ex-

261 2459 462 2525 tendit
509 2462 597 2527 ad
642 2467 916 2527 nostram
956 2468 1244 2529 naturam
1291 2465 1803 2546 corporalem
1850 2462 1972 2545 (ad
2001 2461 2277 2546 corpus);
2324 2462 2514 2547 etiam
2550 2462 2704 2525 haec
2791 2448 2795 2454 ’

256 2556 384 2639 jam
428 2561 493 2626 in
545 2564 671 2628 hac
716 2564 880 2630 terra
928 2584 1123 2630 nove
1168 2565 1693 2645 vivificatur,
1755 2568 2059 2647 quatenus
2102 2563 2166 2628 in
2212 2564 2541 2647 baptismo,
2588 2582 2699 2646 per

265 2676 439 2739 quem
514 2666 760 2749 corpori
805 2664 1030 2731 Christi
1088 2668 1354 2751 mystico
1415 2668 1777 2746 inserimur,
1844 2666 2080 2749 corpori
2142 2668 2347 2730 1108110
2410 2666 2699 2730 inseritur

265 2776 602 2841 germen
650 2767 877 2831 vitae
932 2769 1396 2852 gloriosae,
1443 2770 1606 2852 quod
1652 2770 1716 2833 in
1760 2768 2095 2833 universali
2138 2767 2576 2833 resurrectione
2620 2768 2699 2831 ad

270 2862 617 2941 perfectam
678 2869 996 2952 perveniet
1057 2870 1499 2936 maturitatem.
1547 2907 1633 2918 —-
1677 2870 1851 2935 Sicut
1907 2870 2100 2951 igitur
2152 2868 2471 2947 Christus,
2540 2888 2625 2950 pr
2649 2868 2699 2931 i-

268 2964 560 3032 mitiae
609 2969 1196 3037 dormientium
1240 2974 1326 3054 (1.
1355 2970 1489 3037 Cor.
1520 2973 1618 3051 15,
1658 2972 1812 3053 20),
1859 2969 1897 3033 1.
1928 2989 1977 3034 0.
2008 2970 2243 3053 primus
2288 2971 2692 3045 mortuorum,

269 3062 369 3143 qui
413 3086 450 3131 a
494 3073 702 3135 morte
761 3072 837 3135 ad
885 3072 1081 3136 vitam
1143 3073 1562 3139 immortalem
1626 3075 2049 3149 surrexerunt,
2118 3089 2153 3134 a
2196 3071 2327 3135 Deo
2374 3070 2557 3133 Patre
2618 3070 2694 3134 ad

274 3164 466 3233 vitam
513 3172 938 3237 immortalem
986 3177 1048 3237 et
1092 3175 1427 3258 gloriosam
1473 3176 1887 3240 resuscitatus
1932 3176 2047 3251 est,
2110 3172 2253 3255 quia
2296 3174 2517 3235 natura
2560 3170 2693 3253 ejus

269 3262 548 3336 humana
604 3274 989 3357 hypostatice
1051 3293 1194 3340 cum
1262 3276 1544 3341 divina
1605 3276 1827 3341 natura
1888 3275 2216 3357 conjuncta
2274 3276 2435 3351 erat,
2488 3308 2555 3319 ·-—
2607 3272 2697 3337 ita

269 3366 454 3435 etiam
501 3392 599 3438 110
622 3394 650 3439 8
697 3377 774 3440 ad
811 3375 1003 3441 vitam
1047 3376 1469 3442 immortalem
1505 3380 1567 3442 et
1606 3378 1943 3461 gloriosam
1978 3374 2503 3453 resuscitabimur,
2551 3374 2696 3457 quia

269 3465 627 3551 Spiritus
673 3481 1008 3543 sanctus
1052 3497 1174 3543 non
1220 3480 1470 3563 quidem
1513 3480 1919 3564 hypostatice,
1983 3481 2263 3543 attamen
2313 3476 2691 3541 substan-

271 3569 615 3641 tialiter
658 3578 740 3642 in
783 3578 1019 3643 nobis
1064 3579 1412 3644 habitat.
1461 3617 1546 3628 —
1589 3582 1777 3647 Jesus
1831 3580 2134 3658 0111181118,
2182 3578 2305 3663 qui,
2365 3582 2437 3643 ut
2479 3579 2691 3644 Deus

271 3668 357 3734 de
401 3676 596 3759 Dee,
642 3680 968 3763 propria
1012 3680 1238 3745 virtute
1283 3679 1489 3765 (Joan.
1520 3683 1580 3763 2,
1631 3684 1744 3761 193
1794 3685 1889 3761 10,
1940 3683 2065 3768 18.)
2098 3700 2135 3746 a
2180 3681 2438 3745 mortuis
2484 3700 2691 3745 resur-

271 3774 418 3837 rexit
465 3777 544 3842 ad
587 3780 784 3844 vitam
831 3780 1250 3847 immortalem
1296 3786 1359 3847 et
1400 3784 1759 3868 gloriosam,
1803 3783 1864 3848 h.
1904 3785 1943 3849 l.
1990 3788 2061 3848 ut
2104 3784 2343 3849 homo
2388 3783 2466 3846 ad
2510 3781 2685 3846 illam

269 3871 459 3942 vitam
521 3882 926 3947 resuscitatus
984 3883 1206 3948 dicitur
1262 3902 1298 3948 a
1340 3885 1499 3950 Deo
1544 3886 1825 3964 Patre,
1892 3889 1955 3951 et
1999 3886 2243 3968 quidem
2306 3904 2414 3966 per
2467 3902 2687 3966 appro-

273 3975 666 4062 priationem,
714 3982 891 4066 quia,
951 3985 1232 4066 quamvis
1279 3987 1486 4050 omnia
1529 4004 1716 4070 opera
1760 3988 1838 4051 ad
1883 3991 2119 4052 extra
2162 3986 2361 4050 tribus
2406 3985 2685 4067 personis

273 4074 393 4141 sint
436 4085 806 4163 communia,
853 4086 1279 4169 potentiae
1325 4086 1413 4171 (et
1453 4088 1903 4174 providentiae)
1950 4107 2132 4172 opera
2176 4086 2241 4159 in
2286 4106 2333 4151 s.
2381 4087 2685 4169 scriptura

274 4175 696 4249 adscribuntur
737 4185 1000 4265 Patri,
1071 4189 1250 4270 quale
1308 4192 1405 4253 est
1465 4192 1693 4255 mortui
1760 4192 1836 4256 ad
1898 4190 2089 4255 vitam
2148 4189 2555 4256 resuscitatio.
2601 4226 2687 4244 -—..

275 4272 548 4348 Ceterum
618 4305 689 4349 ex
753 4286 882 4351 tota
949 4289 1208 4371 apostoli
1268 4289 1685 4374 disputatione
1753 4293 1983 4371 elucet,
2053 4311 2191 4356 ren
2216 4291 2546 4356 ovation
2570 4310 2681 4357 em

275 4386 670 4467 corporis,
721 4387 853 4470 ejus
899 4389 977 4453 ad
1021 4389 1215 4455 vitam
1263 4392 1708 4474 gloriosam
1758 4394 2287 4470 resurrectionem,
2336 4393 2679 4477 dependere

275 4493 308 4543 a
368 4487 719 4575 spiritus
792 4491 1330 4556 renovatione
1409 4494 1472 4558 et
1549 4493 1996 4565 immutatione
2071 4515 2178 4585 per
2244 4494 2542 4584 Spiritum
2611 4514 2681 4576 8.,
