3234 4992
1266 272 1377 324 Cap.
1407 273 1491 314 111.
1520 284 1566 314 v.
1593 275 1660 315 25.
2582 279 2667 347 55

246 453 560 532 Attamen,
613 457 896 538 quamvis
939 458 1091 522 haec
1134 459 1343 542 typica
1386 460 1712 542 explicatio
1756 478 1879 526 non
1900 461 1985 526 sit
2002 461 2203 527 aliena
2226 480 2264 528 a
2284 463 2659 547 cogitatibus

247 574 292 618 s.
334 555 531 633 Pauli,
580 557 677 622 illi
720 559 942 623 merito
987 555 1292 642 dbjicitur,
1340 580 1448 643 per
1490 561 1668 626 illam
1713 562 1893 643 effici,
1940 566 2013 627 ut
2040 564 2354 647 apostolus
2380 564 2661 631 videatur

244 655 440 720 duas
487 657 867 724 diversas
912 658 1221 744 imagines
1266 661 1330 726 in
1374 680 1498 726 uno
1542 663 1675 728 loco
1732 663 1901 728 haud
1956 667 2100 747 apte
2160 666 2662 745 commiscuisse3

242 776 457 840 nempe
504 757 937 825 Christum
982 763 1379 844 proposuisse
1425 764 1539 828 sub
1598 764 1873 847 imagine
1938 766 2310 848 operculi
2376 785 2661 847 arcae,

241 875 443 923 versus
490 861 659 942 quod
702 862 958 946 sanguis
1002 864 1293 928 victimae
1339 865 1783 949 spargebatur,
1847 868 1909 929 et
1975 867 2166 931 simul
2228 867 2346 932 sub
2390 869 2664 954 imagine

241 959 428 1040 ipsius
495 980 534 1025 v
557 962 580 1025 i
604 963 820 1027 etim
844 981 882 1027 a
905 983 939 1027 e
967 1011 982 1042 ,
1050 964 1227 1048 cujus
1291 966 1592 1048 sanguine
1660 966 1981 1050 expiantur
2044 972 2317 1050 peccata.
2392 1005 2466 1017 —··
2528 970 2669 1036 Vox

244 1059 566 1144 ἱλαστήριον
614 1063 1013 1147 (adjectivum
1077 1067 1247 1131 verbi
1315 1065 1645 1147 ἱλάσκομαι,
1703 1068 1902 1152 expio)
1965 1069 2205 1151 proprie
2268 1069 2517 1136 denotat
2580 1071 2663 1151 id,

244 1164 392 1244 quod
435 1166 514 1229 ad
563 1165 1140 1248 expiationem,
1166 1169 1453 1251 pertinet.
1523 1169 1645 1233 Hic
1688 1170 1810 1234 loci
1846 1171 2052 1254 potest
2093 1170 2429 1252 triplici
2474 1190 2665 1238 sensu

243 1265 454 1349 accipi3
501 1267 605 1332 vel
646 1270 719 1331 ut
762 1269 1308 1348 masculinum,
1356 1274 1419 1335 et
1463 1271 1606 1335 dein
1654 1269 1989 1354 ἱλαστήριος
2031 1275 2128 1336 est
2168 1273 2661 1356 propitiator,

246 1367 655 1449 expiator,
719 1370 815 1434 uti
879 1370 1064 1435 multi
1130 1371 1518 1455 interpreteS,
1584 1392 1632 1436 s.
1700 1372 2369 1458 chrysostomum
2440 1374 2655 1452 secuti,

241 1484 443 1533 vocem
489 1469 662 1536 hanc
711 1471 1109 1554 intelligunt3
1168 1473 1269 1537 vel
1316 1477 1526 1538 autem
1571 1475 1785 1557 potest
1827 1475 1991 1540 sumi
2058 1478 2354 1540 neutro
2418 1493 2659 1558 genere.

243 1567 308 1630 In
350 1569 462 1634 hoc
506 1590 658 1636 easu
702 1573 909 1655 potest
951 1573 1183 1637 iterum
1228 1575 1390 1638 sumi
1435 1575 1532 1638 vel
1591 1575 2171 1655 substantive,
2232 1576 2321 1640 ita
2379 1578 2449 1641 ut
2493 1576 2660 1642 idem

243 1669 315 1732 sit
371 1689 440 1736 ac
507 1675 775 1753 ἱλασμος,
852 1674 1454 1756 propitiatiO,
1523 1677 1926 1760 expiatiO,
2007 1676 2101 1740 uti
2167 1675 2439 1761 Vulgata
2501 1678 2661 1744 hane

242 1786 438 1836 vocem
485 1777 696 1855 vertit,
745 1795 868 1858 qua
910 1775 1182 1840 versione
1229 1779 1435 1841 stante
1481 1796 1592 1842 vox
1636 1778 1951 1842 abstracta
2017 1778 2114 1842 est
2156 1778 2324 1842 idem
2392 1797 2464 1844 ac
2506 1796 2653 1845 con-

245 1874 428 1936 creta:
462 1877 1002 1960 propitiator,
1039 1877 1431 1959 expiator.
1465 1877 1582 1943 Vel
1607 1897 1749 1943 vero
1772 1882 1977 1961 potest
2001 1878 2166 1944 sumi
2196 1879 2655 1963 adjective,

244 1974 306 2034 ut
346 1973 424 2038 sit
466 1979 884 2060 supplendum
930 1982 1100 2058 θῦμα
1162 1979 1261 2043 vel
1328 1981 1478 2059 ἱερον
1537 1978 1959 2061 (sacrificium,
2027 1979 2325 2062 victima),
2394 1981 2556 2063 quod
2600 1981 2657 2046 si

247 2075 573 2157 suppletur,
623 2083 790 2144 esset
832 2097 946 2144 vox
992 2076 1324 2160 ἱλαστήριον
1368 2080 1639 2144 formata
1674 2081 1865 2144 simili
1898 2081 2099 2157 mode,
2145 2081 2238 2145 uti
2282 2078 2656 2163 χαριστήριον

245 2170 626 2252 (sacrificium
673 2181 1192 2263 eucharisticum),
1238 2182 1338 2245 vel
1373 2181 1552 2264 juxta
1611 2180 2020 2264 Septuaginta
2078 2181 2289 2264 (Exod.
2360 2184 2459 2260 10,
2525 2182 2655 2267 24.)

242 2274 512 2358 σωτήριον
558 2281 954 2366 (sacrificium
982 2281 1355 2365 pacificum).
1402 2282 1596 2347 Juxta
1639 2282 1755 2347 hoc
1803 2279 2133 2364 ἱλαστήριον
2177 2283 2273 2347 est
2315 2283 2659 2348 victima

245 2379 732 2462 expiatoria,
777 2383 1279 2465 piacularis3
1345 2401 1498 2464 quae
1558 2383 1881 2466 explicatio
1941 2385 2194 2466 reliquis
2253 2385 2655 2469 praeferenda

248 2481 350 2558 est,
392 2485 621 2564 partim
670 2484 747 2548 ob
792 2485 1086 2548 verbum:
1151 2483 1468 2565 προέθετο,
1533 2485 1762 2566 partim
1831 2486 1976 2567 quia
2017 2486 2077 2550 h.
2124 2487 2164 2550 l.
2213 2485 2653 2570 sanguinis

247 2577 460 2648 Christi
551 2585 782 2650 mentio
866 2586 956 2650 fit.
1023 2621 1108 2632 —
1175 2586 1343 2664 „Per
1404 2583 1598 2668 fidem
1662 2586 1731 2648 in
1807 2585 2102 2670 sanquine
2172 2590 2362 2676 ejus&
2448 2586 2655 2652 Verba

244 2679 380 2747 haec
422 2687 743 2751 continent
787 2688 939 2751 duas
984 2705 1182 2771 appo
1209 2686 1576 2752 sitiones
1644 2687 2066 2766 coordinatas,
2132 2688 2212 2751 ad
2256 2687 2459 2771 magis
2507 2686 2655 2752 iHu-

247 2784 552 2852 strandam
613 2787 925 2854 notionem
975 2788 1138 2852 vocis
1206 2785 1537 2869 ἱλαστήριον
1604 2789 1865 2853 additas.
1947 2789 2149 2854 Prior:
2209 2808 2343 2872 per
2404 2787 2652 2853 fidem
2750 2798 2756 2805 ’

246 2879 458 2952 indicat
485 2888 911 2953 condition
932 2909 965 2952 e
989 2909 1082 2966 m,
1118 2909 1190 2952 ex
1211 2889 1384 2971 parte
1417 2890 1771 2954 hominis
1806 2889 2237 2968 necessariam,
2262 2890 2334 2953 ut
2353 2887 2646 2955 Christus

248 2983 318 3046 sit
355 2988 407 3051 ei
451 2989 830 3070 ἱλαστήριον,·
873 2991 1105 3054 altera:
1153 2991 1230 3053 in
1278 2991 1682 3074 sanguine
1726 2989 1904 3073 ejus
1948 2993 2256 3056 monstrat
2299 2991 2652 3068 modum,

247 3100 350 3164 quo
393 3088 678 3156 Christus
722 3091 925 3156 factus
979 3092 1063 3156 sit
1107 3089 1458 3172 ἱλαστήριον,
1503 3111 1729 3174 nempe
1752 3110 1860 3174 per
1884 3091 2154 3155 suumin
2176 3109 2358 3155 cruce
2382 3090 2648 3155 effusum

249 3192 638 3272 sanguinem3
674 3210 832 3257 nam
877 3195 1024 3272 αἱμα
1065 3193 1319 3256 denotat
1360 3192 1419 3256 h.
1469 3195 1509 3257 l.
1558 3193 1927 3275 sanguinem
1974 3209 2012 3255 a
2057 3190 2304 3256 Christo
2349 3191 2655 3256 moriente

248 3283 301 3348 in
359 3308 535 3357 cruce
600 3293 884 3370 effusum,
955 3312 1065 3357 seu
1132 3295 1394 3357 mortem
1466 3292 1700 3358 Christi
1766 3293 2087 3355 cruentam
2148 3290 2313 3374 (Act.
2380 3291 2483 3371 20,
2549 3291 2653 3356 28.

247 3383 450 3469 Ephes.
503 3396 559 3472 1,
590 3395 666 3471 73
712 3394 771 3472 2,
805 3394 901 3458 13.
950 3394 1128 3458 Rom.
1152 3393 1212 3470 5,
1238 3395 1295 3458 9.
1341 3394 1530 3458 Hebr.
1577 3394 1639 3472 9,
1684 3392 1836 3475 22).
1887 3429 1960 3437 —
2007 3391 2215 3457 Verba
2251 3392 2352 3454 διὰ
2400 3394 2653 3464 πίστεως

251 3504 355 3554 non
395 3497 541 3558 sunt
583 3494 1010 3578 conjungenda
1051 3513 1191 3558 cum
1241 3495 1446 3560 verbis
1493 3496 1550 3556 ἐν
1593 3500 1681 3572 τῷ
1722 3495 1938 3574 αἱματι,
1982 3493 2125 3576 quia
2164 3495 2314 3559 tunc
2353 3495 2654 3561 articulus

248 3589 338 3668 τῆς
377 3613 510 3660 esse
553 3596 806 3661 deberet
848 3599 1032 3660 ante
1075 3598 1133 3655 ἐν
1166 3599 1254 3672 τῷ
1295 3599 1491 3675 αἱματι
1536 3596 1600 3660 et
1618 3596 1754 3661 loco
1799 3597 1855 3655 ἐν
1904 3597 2067 3660 stare
2111 3596 2485 3678 praepositio
2530 3599 2655 3672 εἱς;

252 3692 346 3754 Sed
386 3699 736 3780 utrumque,
781 3699 914 3761 tam
936 3696 1037 3758 διὰ
1057 3700 1163 3776 τῆς
1184 3700 1448 3773 πίστεως,
1481 3714 1668 3779 quam
1695 3698 1751 3758 ἓν
1770 3699 1859 3774 τῷ
1902 3695 2088 3758 αὐτοῦ
2135 3701 2353 3778 αἱματι,
2400 3698 2655 3782 conjun-

255 3796 507 3872 gendum
552 3799 648 3862 est
690 3816 833 3862 cum
876 3798 1113 3863 verbis:
1165 3797 1229 3860 όν
1273 3800 1567 3880 προέθετο
1616 3796 1972 3880 ἱλαστήριον,
2036 3799 2127 3863 ita
2168 3800 2240 3863 ut
2282 3817 2497 3865 sensus
2542 3799 2655 3864 sit:

254 3889 436 3968 Quem
482 3899 652 3962 Deus
695 3899 1019 3963 constituit
1075 3900 1399 3964 victimam
1468 3899 1887 3982 expiatoriam,
1959 3902 2265 3982 quatenus
2334 3917 2545 3965 omnes
2590 3899 2655 3963 in

252 4009 378 4060 eum
418 3998 734 4064 credentes
779 4000 984 4082 expiat
1027 4019 1137 4083 per
1181 4020 1365 4065 suum
1411 4001 1474 4064 in
1518 4019 1693 4064 cruce
1757 4000 2026 4065 effusum
2095 3999 2482 4083 sanguinem,
2546 4017 2656 4063 seu

251 4109 346 4172 per
385 4118 564 4164 suam
607 4104 874 4165 mortem
921 4105 1262 4166 cruentam.
1311 4139 1384 4147 —
1436 4100 1585 4180 „Ad
1629 4101 2062 4166 ostendendam
2078 4101 2394 4191 justitiam
2417 4104 2657 4180 suam“,

252 4193 286 4256 i.
311 4214 357 4262 e.
380 4204 450 4265 ut
491 4201 840 4266 ostenderet
875 4202 1190 4284 justitiam
1238 4221 1436 4267 suam.
1484 4238 1569 4250 -
1611 4203 1807 4267 Hisce
1831 4202 2033 4267 verbis
2060 4203 2368 4267 indicatur
2409 4201 2653 4280 finis,

254 4295 319 4361 0b
359 4319 538 4383 quem
585 4303 754 4366 Deus
802 4301 1122 4367 Christum
1178 4303 1540 4368 hominibus
1607 4303 1884 4370 exhibuit
1946 4304 2011 4367 in
2061 4303 2381 4368 victimam
2454 4303 2654 4387 ipsius

255 4403 557 4484 sanguinis
603 4403 899 4467 effusione
958 4403 1352 4486 piacularem.
1445 4402 1803 4486 δικαιοσύνη,
1855 4403 2120 4488 justitia,
2164 4405 2225 4469 h.
2271 4405 2311 4468 l.
2358 4407 2657 4488 tanquam

255 4515 319 4564 ea
356 4503 468 4568 Dei
509 4505 851 4590 proprietas
899 4504 1193 4589 cogitata,
1243 4523 1362 4590 qua
1395 4506 1602 4589 probis
1635 4506 1901 4589 largitur
1922 4505 2199 4591 praemia
2218 4505 2655 4592 improbosque
