3234 4992
529 289 611 352 38
1521 283 1630 335 Cap.
1659 286 1720 325 Π.
1748 294 1793 324 v.
1825 283 1965 324 9—12.

733 472 808 536 V.
855 473 912 536 9.
960 471 1282 558 „Afflictio
1326 481 1382 536 et
1423 474 1711 558 angustia
1750 473 1819 536 iu
1863 493 2093 536 omnem
2150 471 2426 533 animam
2483 469 2759 548 hominis,
2826 491 2968 555 ope-

527 573 730 635 rantis
770 571 1022 651 malum,
1065 573 1302 637 Judaei
1331 573 1608 658 pri-mum
1670 583 1725 636 et
1788 572 2077 638 Graeci‘fi
2167 571 2322 635 Vult
2384 571 2619 634 dicere:
2657 569 2965 640 ,Summa

529 673 778 738 miseria
823 673 936 737 erit
985 674 1124 756 (seu
1167 673 1566 758 retribuetur)
1611 675 1901 739 omnibus
1947 672 2322 748 hominibus⁹
2389 671 2494 755 qui
2540 671 2965 754 peccaverint,

530 775 660 839 sive
705 775 830 838 sint
874 774 919 840 J
923 775 1123 850 udaei,
1174 774 1301 838 sive
1348 775 1648 857 gentiles3
1709 775 1982 858 primum
2028 778 2244 838 tamen
2287 772 2571 851 Judaeis,
2620 773 2760 836 dein
2804 791 2968 856 gen-

528 875 758 939 tilibus.
805 879 1157 957 στενοχωρία
1201 876 1299 961 (ex
1343 874 1540 947 στενός
1583 878 1885 960 angustus
1912 879 1973 940 et
1995 871 2159 957 χώρα
2181 873 2376 958 regio)
2400 873 2640 956 proprie
2669 875 2972 958 angustia

530 975 672 1053 loci,
719 976 860 1040 dein
907 977 1212 1060 angustia,
1261 977 1535 1040 anxietas
1580 977 1791 1040 animi.
1841 1013 1919 1023 —
1964 977 2243 1058 Utraque
2306 992 2422 1038 vox
2464 977 2683 1055 θλίψις
2726 977 2788 1039 et
2830 997 2967 1036 στε-

527 1080 784 1159 νοχωρία
824 1078 1114 1160 exprimit
1137 1095 1453 1142 summam
1501 1077 1833 1142 miseriam.
1882 1081 2049 1140 πᾶσα
2088 1075 2252 1158 ψυχή
2299 1072 2633 1155 ἀνθρώπου
2676 1076 2973 1142 hebraica

528 1178 819 1261 loquendi
860 1179 1034 1254 ratic,
1081 1178 1304 1242 notans
1341 1178 1506 1242 idem
1551 1197 1658 1243 ac:
1706 1179 1981 1261 quivis
2026 1180 2270 1243 home.
2318 1215 2399 1229 -
2443 1176 2619 1239 κακὸν
2666 1176 2969 1262 (malum)

527 1280 706 1343 vocat
747 1278 1042 1361 quidquid
1106 1279 1231 1362 legi
1299 1279 1540 1343 divinae
1607 1280 2154 1362 quomodocunque
2220 1277 2503 1362 cognitae
2564 1279 2967 1343 adversatur.

531 1379 835 1444 Judaeo
897 1379 1279 1462 primum;
1345 1379 1624 1444 Judaeus
1669 1381 1859 1444 etiam
1920 1384 2205 1464 respectu
2269 1379 2758 1463 punitionis
2809 1395 2971 1460 prae

537 1479 780 1543 ethnico
845 1479 1276 1562 praerogativa
1315 1553 1319 1562 ,
1339 1481 1668 1563 gaudebit3
1734 1481 1877 1563 quia
1940 1481 2144 1564 legem
2204 1481 2323 1544 div.
2372 1480 2595 1544 clarius
2641 1478 2965 1562 cognovit,
3088 1557 3096 1564 .

540 1579 686 1644 hinc
731 1581 934 1661 magis
977 1599 1117 1644 reus
1162 1583 1278 1658 est,
1326 1581 1383 1644 si·
1422 1581 1662 1645 malum
1708 1585 2009 1664 operetur.

741 1679 808 1742 V.
861 1682 956 1746 10.
1006 1679 1284 1759 „Gloria
1329 1690 1528 1744 autem
1571 1691 1627 1744 et
1668 1683 1856 1745 honor
1902 1691 1958 1746 et
1987 1704 2131 1767 pax
2174 1682 2339 1745 omni
2382 1683 2664 1767 operanti
2720 1680 2969 1759 honum,

527 1779 775 1845 Judaeo
806 1781 1083 1864 primum
1127 1791 1182 1843 et
1230 1780 1530 1845 Graeco‘ss
1619 1781 1937 1847 Gloria
1982 1833 1996 1847 .
2044 1833 2119 1846 ..
2190 1783 2511 1848 Judaeo
2578 1782 2960 1865 primum.

529 1880 810 1946 Judaeus
856 1881 921 1944 in
964 1882 1320 1964 praemio
1364 1884 1733 1949 donando
1775 1884 2223 1967 praestantiam
2260 1901 2405 1966 prae
2430 1881 2961 1966 gentilibabebit‚

533 1981 677 2064 quia
717 1980 974 2047 Judaeis
1016 1983 1416 2065 potissimum
1461 1983 1792 2067 (proxime)
1836 1984 2168 2067 promissio
2217 1984 2439 2048 salutis
2483 2003 2591 2067 per
2630 1981 2960 2066 Christum

531 2083 767 2146 dandae
812 2081 977 2146 facta
1039 2085 1153 2161 est,
1219 2085 1282 2146 et
1347 2085 1577 2149 ethnici
1637 2085 2023 2149 solummodo
2085 2084 2151 2148 in
2211 2085 2389 2150 loco
2457 2083 2859 2162 Judaeorum‚
2922 2101 2969 2148 a

528 2182 849 2247 Messiana
894 2184 1094 2248 salute
1137 2185 1542 2263 exclusorum,
1589 2185 1809 2250 salutis
1853 2186 2022 2250 illius
2068 2185 2221 2250 facti
2266 2189 2411 2250 sunt
2453 2186 2781 2269 participes
2851 2183 2964 2267 (cf.

538 2286 637 2361 11,
687 2283 832 2366 17.).
918 2283 1174 2348 Verbis:
1239 2286 1544 2367 gloria,
1609 2286 1863 2349 honor
1928 2288 1990 2350 et
2054 2305 2227 2370 pax,
2295 2286 2488 2350 veluti
2552 2285 2963 2350 lineamentis

533 2383 938 2448 adumbratur
980 2384 1102 2448 vit
1125 2403 1162 2448 a
1209 2375 1570 2463 aeterna,
1618 2404 1805 2468 quam
1853 2387 2022 2469 prius
2057 2387 2139 2470 (v,
2191 2387 2276 2472 7.)
2317 2388 2548 2452 dixerat
2580 2386 2967 2452 retributum

530 2482 607 2546 iri
651 2483 808 2547 bene
855 2485 1274 2567 operantibus,

740 2583 815 2648 V.
866 2587 962 2649 11.
1043 2586 1238 2664 „Non
1303 2587 1460 2650 enim
1525 2597 1610 2650 est
1673 2589 1937 2673 acceptio
1990 2609 2403 2674 personarum
2464 2589 2637 2674 apud
2680 2588 2926 2652 Deum“
2940 2612 2968 2668 ;

541 2685 716 2768 quasi
761 2685 1022 2750 diceret:
1067 2687 1238 2752 Deus
1264 2688 1428 2752 enim
1465 2688 1527 2752 in
1551 2689 1939 2754 retribuendo
1966 2691 2093 2753 sive
2118 2690 2414 2772 praemia,
2462 2691 2592 2754 sive
2626 2689 2959 2772 supplicia,

539 2804 663 2850 non
729 2789 822 2850 est
881 2788 1151 2869 partium
1221 2789 1568 2870 studiosuS‚
1644 2791 1787 2873 quia
1848 2808 1973 2855 non
2044 2791 2291 2875 respicit
2354 2791 2602 2856 externa
2665 2790 2963 2869 hominis,

532 2886 724 2971 (opes,
772 2888 1160 2972 dignitatem,
1227 2910 1475 2969 1111111116,
1545 2893 1654 2956 aut
1717 2892 2255 2975 nationalitatem).
2307 2929 2386 2939 -—-
2435 2891 2651 2956 Verbis
2702 2891 2801 2956 his
2845 2911 2961 2956 ra-

530 2989 829 3053 tionem
873 2989 1074 3055 reddit
1115 2993 1460 3056 sententiae
1505 2993 1837 3076 superioris
1863 2993 1945 3075 (v.
1972 2995 2030 3059 9.
2059 2996 2121 3058 et
2146 2994 2293 3077 10.).
2338 3031 2423 3041 —-
2464 2995 2963 3075 προσωποληψία

532 3087 594 3173 (a
659 3086 984 3171 πρόσωπον
1049 3091 1272 3170 facies,
1341 3093 1482 3156 dein
1547 3094 1685 3175 ipsa
1748 3092 2035 3179 persona)
2102 3098 2199 3159 est
2260 3095 2427 3160 idem
2493 3114 2566 3160 ac
2630 3093 2963 3177 πρόσωπον

531 3189 845 3272 λαμβάνειν
889 3192 1142 3276 (faciem
1188 3193 1488 3278 accipere)
1524 3198 1586 3258 et
1617 3194 1945 3258 adhibetur
1988 3199 2124 3259 tum
2168 3195 2210 3259 b
2231 3213 2323 3259 on
2343 3213 2378 3259 o
2424 3215 2636 3260 sensu:
2682 3198 2958 3281 benigne

531 3293 799 3374 aliquem
866 3294 1196 3359 admittere
1261 3295 1340 3359 ad
1406 3313 1471 3360 se
1546 3293 1726 3379 (Gen.
1794 3295 1894 3372 32,
1954 3297 2053 3361 20.
2117 3295 2385 3361 Malach.
2436 3298 2493 3374 1,
2540 3297 2596 3362 8.
2644 3297 2753 3382 9.)‚
2817 3302 2960 3363 tum

533 3392 726 3456 etiam
751 3412 940 3458 sensu
983 3397 1226 3460 malo:
1272 3397 1543 3477 partium
1573 3397 1922 3462 studiosum
1948 3416 2099 3476 esse,
2144 3398 2462 3462 hominem
2496 3401 2763 3464 tractare
2780 3400 2964 3483 juxta

533 3493 798 3570 externa,
843 3512 1009 3576 opeS,
1077 3497 1468 3578 dignitatem,
1537 3515 1780 3576 1111111116,
1825 3500 1897 3562 ut
1940 3499 1998 3563 h.
2046 3499 2088 3563 l.
2158 3499 2409 3582 (Matth.
2457 3501 2559 3579 22,
2608 3502 2707 3566 16.
2756 3501 2956 3566 Marc.

533 3594 633 3672 12,
683 3596 780 3661 19.
825 3596 972 3660 Luc.
1021 3597 1121 3674 20,
1179 3597 1314 3675 .21.,
1380 3597 1486 3662 ubi
1550 3598 1711 3662 loco:
1780 3617 2207 3680 personam
2274 3601 2656 3684 accipere
2720 3603 2959 3686 legitur

530 3714 976 3778 personam
1019 3698 1454 3780 respicere.
2388 3773 2395 3778 ,

739 3797 812 3861 V.
864 3799 964 3861 12.
1007 3799 1227 3876 „Nam
1270 3800 1602 3884 quicunque
1644 3801 1773 3862 sinc
1816 3799 1938 3885 Zeqe
1968 3811 2393 3886 peccaverunt,
2436 3803 2565 3866 sine
2609 3803 2732 3888 Zeqe
2774 3804 2963 3868 etiam

519 3896 872 3982 peribunt&
955 3899 1109 3963 Vult
1153 3900 1384 3965 dicere:
1452 3900 1754 3978 Gentiles,
1814 3902 1919 3983 qui
1960 3904 2167 3985 legem
2214 3904 2511 3986 scriptam
2557 3905 2958 3991 (Mosaicam)

530 4017 568 4062 a
610 4000 742 4064 Deo
786 4017 910 4064 non
954 4002 1340 4084 acceperunt,
1387 4001 1574 4066 etiam
1622 4001 2101 4081 damnabuntur,
2149 4022 2270 4068 non
2312 4009 2563 4088 propter
2606 4007 2955 4091 transgres-
2994 3981 3011 4008 ⁴

531 4100 767 4165 sionem
812 4102 968 4186 legis
1011 4103 1276 4185 scriptae
1321 4101 1704 4188 (Mosaicae)‚
1752 4122 1940 4185 quam
1984 4121 2108 4168 non
2134 4110 2521 4188 acceperunt,
2570 4109 2678 4173 sed
2706 4109 2958 4192 propter

531 4204 1088 4286 transgressionem
1132 4204 1288 4287 legis
1334 4205 1653 4284 naturalis,
1700 4223 1856 4287 quae
1879 4209 2096 4289 utpote
2121 4207 2347 4272 animis
2374 4227 2584 4273 eorum
2610 4211 2949 4294 insculpta,

534 4302 798 4384 scriptae
843 4305 1004 4387 legis
1049 4305 1213 4388 (coll.
1263 4325 1318 4370 V.
1371 4308 1466 4371 14.
1537 4307 1664 4391 15.)
1731 4307 1930 4372 vicem
1991 4308 2146 4391 ipsis
2212 4310 2476 4392 supplet.
2531 4349 2608 4358 —-
2654 4313 2785 4390 „Et
2825 4315 2955 4398 qui-

529 4424 758 4487 cunque
787 4405 855 4466 in
890 4404 1012 4491 leqe
1041 4400 1467 4491 peccaverunt,
1505 4431 1619 4493 per
1664 4407 1845 4492 leyem
1870 4408 2408 4498 y‘udicabuntur“;
2451 4413 2489 4476 i.
2538 4431 2588 4478 e.
2616 4416 2679 4477 et
2700 4413 2953 4494 judaei,

534 4502 639 4586 qui
680 4505 886 4588 legem
951 4509 1246 4591 scriptam
1288 4509 1693 4598 ‘(Mosaicam)
1758 4509 2079 4590 habentes,
2146 4515 2571 4596 peccaverunt,
2641 4516 2720 4579 ad
2767 4515 2957 4599 hujus
