3234 4992
1239 207 1350 261 cap.
1375 213 1454 254 x1.
1485 220 1529 252 v.
1557 209 1728 255 ενι-πε.
2584 210 2706 277 199

251 399 608 463 tenendum
679 399 796 477 est,
854 399 1202 482 apostolum
1262 399 1322 465 h.
1370 401 1409 464 l.
1460 399 1628 481 loqui
1687 398 1764 463 de
1826 398 2054 482 populo
2114 396 2453 462 Israelitico
2514 400 2577 460 et
2630 395 2705 460 de

250 500 613 583 gentilibus
686 503 985 583 tauquam
1051 501 1125 564 de
1187 500 1583 584 gentibus
1649 498 2079 583 (nationibus).
2175 497 2504 564 Conversio
2566 515 2706 562 vero

248 602 644 685 gentium
699 601 1076 686 (nationum)
1140 620 1263 667 non
1308 601 1776 684 comprehendit
1821 600 2168 665 necessario
2214 600 2399 664 etiam
2449 617 2705 664 conver-

247 701 494 766 sionem
546 703 1092 786 singulorum
1137 703 1562 768 hominum.
1614 739 1689 748 —-
1736 700 1955 780 „Sicut
1995 702 2287 787 scriptum
2330 709 2450 764 est:
2501 700 2709 764 Veniet

249 824 324 866 ecc
369 800 573 867 Sione
620 803 946 882 redemtor,
1005 813 1060 867 et
1117 813 1345 868 avertet
1402 804 1740 889 impietates
1783 826 1825 866 a
1868 803 2027 869 Jaco
2040 802 2136 866 ὀί(
2184 840 2255 848 -
2305 801 2480 882 Quod
2524 804 2705 868 modo

249 904 588 985 apostolus
643 906 720 969 de
767 904 975 969 futura
1019 906 1233 989 populi
1277 905 1603 970 Israelitici
1650 904 1923 969 universi
1968 903 2045 968 ad
2092 902 2411 968 Christum
2456 922 2703 968 eonver-

250 1004 425 1068 sione
475 1006 747 1083 dixerat,
795 1006 857 1069 id
903 1006 1231 1071 confirmat
1274 1006 1316 1071 J
1337 1006 1602 1071 esaiae
1646 1005 1937 1071 vaticinio
1994 1004 2119 1089 (59,
2148 1004 2273 1068 20.
2322 1004 2497 1087 seq.)‚
2544 1004 2706 1086 quod

250 1108 472 1169 tamen
543 1105 750 1171 libere
813 1106 989 1188 juxta
1053 1108 1396 1172 versionem
1459 1106 1870 1191 Septuaginta
1933 1106 2170 1184 recitat,
2241 1106 2588 1189 desumptis
2640 1106 2706 1169 in

249 1206 454 1270 altera
502 1226 733 1271 versus
779 1206 879 1271 27.
928 1210 1104 1289 parte
1149 1208 1462 1273 nonnullis
1509 1207 1711 1273 verbis
1755 1227 1825 1271 ex
1869 1208 2035 1273 alio
2080 1206 2324 1273 Jesaiee
2384 1209 2512 1269 leee
2572 1205 2700 1285 (Ξῖ,

246 1306 357 1388 9.).
428 1343 520 1353 -
594 1307 718 1371 Pro
789 1311 851 1369 ἐκ
893 1307 1057 1370 Σισὰν
1123 1310 1222 1391 (ex
1280 1308 1487 1392 Sione)
1545 1307 1953 1391 Septuaginta
2018 1307 2252 1373 habent
2316 1313 2476 1365 sves-:m
2540 1305 2704 1369 Emis

250 1406 644 1490 (propter
708 1407 1013 1494 Sionem),
1079 1428 1234 1491 quae
1297 1410 1732 1493 discrepantia,
1792 1411 1887 1475 uti
1945 1410 2228 1474 Estius
2292 1409 2500 1493 putat,
2564 1409 2704 1473 inde

250 1512 387 1572 orta
454 1528 607 1575 esse
671 1510 932 1587 videtur,
995 1511 1138 1594 quia
1195 1512 1511 1595 apostolus
1575 1512 1656 1576 ad
1715 1512 1836 1576 alia
1884 1513 2018 1576 loca
2077 1511 2304 1577 similia
2364 1513 2704 1593 seriphus-ae

252 1612 554 1694 respexit,
607 1630 766 1694 quae
812 1610 1198 1677 Salvatorem
1244 1614 1616 1695 promittunt
1674 1632 1705 1676 e
1752 1611 2001 1677 Sione
2055 1613 2352 1677 oriturum
2404 1613 2500 1697 (ut
2544 1613 2700 1696 psal.

256 1711 351 1775 13.
418 1712 526 1777 52.
583 1714 649 1777 et
696 1712 867 1796 109.)
932 1751 1004 1759 ψ·
1075 1714 1176 1778 Ex
1222 1713 1437 1791 Sion,
1495 1714 1533 1778 i.
1584 1734 1633 1777 e.
1684 1734 1715 1777 e
1760 1718 1947 1797 gente
1991 1713 2340 1779 Judaiea
2404 1721 2464 1777 et
2512 1713 2700 1793 stirpe

255 1815 427 1897 regia
488 1815 887 1893 Davidis;
955 1835 1103 1880 nam
1163 1815 1309 1880 Sion
1377 1818 1508 1879 erat
1576 1815 1797 1879 civitas
1868 1815 2119 1879 Davidis
2177 1833 2248 1879 ae
2308 1817 2484 1877 eedee
2528 1817 2700 1897 regni

255 1915 548 2002 (Estius).
610 1957 681 1966 —-
732 1916 766 1979 ὁ
811 1914 1095 1999 ῥυόμενος
1149 1917 1246 1981 est
1308 1917 1761 1995 liberator,
1834 1917 2308 1999 redemptor
2368 1915 2432 1997 (a
2492 1921 2700 1993 {isene-t

259 2016 472 2100 eripio,
541 2019 790 2100 libero).
895 2019 1228 2102 Propheta,
1298 2018 1392 2082 uti
1439 2038 1486 2082 s,
1548 2018 1781 2082 Paulus
1839 2018 1897 2081 h.
1960 2019 2023 2096 1.,
2083 2037 2193 2101 per
2256 2017 2356 2077 etis
2424 2013 2700 2097 ρυὁμεενῡν

253 2116 568 2202 intelligit
614 2119 1025 2184 Messiam.
1093 2157 1168 2165 —
1216 2122 1310 2179 καὶ
1355 2117 1723 2201 ἀποστρέψει
1781 2169 1794 2182 .
1845 2168 1857 2182 .
1907 2124 1986 2182 et
2040 2123 2360 2183 avertet
2424 2121 2700 2201 impie-

260 2220 537 2299 tates,
607 2222 647 2284 i.
698 2240 748 2284 e.
799 2221 1037 2285 auferet
1098 2224 1161 2284 et
1215 2220 1488 2285 abolebit
1547 2220 1953 2303 impietatem,
2015 2219 2480 2285 obduratienem
2528 2221 2700 2301 [een-

253 2320 657 2405 tumaciam).
715 2360 788 2368 -—a
841 2322 896 2385 A
943 2321 1221 2399 Jacob,
1279 2321 1318 2385 i.
1367 2342 1414 2385 e.
1464 2340 1501 2385 a
1544 2321 1811 2405 posteris
1847 2321 1891 2387 J
1902 2321 2096 2399 aeobi,
2142 2321 2243 2403 qui
2292 2321 2408 2385 elie
2452 2321 2700 2385 nemine

257 2420 460 2487 dictus
511 2429 618 2488 est
667 2424 878 2503 Israel,
928 2442 1035 2488 seu
1082 2442 1117 2488 a
1163 2423 1394 2506 populo
1437 2423 1784 2488 Israelitico
1831 2423 1979 2506 (qua
2005 2422 2292 2505 natione).
2344 2461 2412 2469 —
2468 2421 2696 2485 Sensus

256 2541 396 2606 ergo
457 2527 592 2590 est:
656 2525 751 2589 Ex·
805 2527 991 2609 gente
1050 2525 1092 2589 J
1098 2525 1317 2589 udaica
1378 2528 1562 2606 atque
1627 2544 1698 2589 ex
1756 2525 1895 2607 ipsa
1962 2524 2134 2607 regia
2191 2525 2380 2605 stirpe
2442 2525 2696 2589 Davidie

258 2629 558 2691 nascetur
601 2627 1002 2709 Redemptor,
1053 2625 1341 2704 MessiaS,
1390 2626 1495 2708 qui
1541 2625 1779 2690 auferet
1844 2628 1907 2690 et
1951 2624 2229 2690 abolebit
2284 2625 2692 2709 impietatem,

259 2724 735 2792 obdurationem
785 2726 996 2811 populi
1039 2727 1382 2791 Israelitici.

467 2828 546 2893 V.
595 2829 696 2892 27.
746 2829 872 2906 „Et
925 2829 1032 2892 hoc
1087 2827 1217 2891 illis
1258 2851 1300 2891 a
1342 2848 1434 2891 me
1478 2828 1735 2913 foedus,
1794 2826 2041 2912 quando
2096 2825 2400 2889 abstulere
2440 2837 2696 2913 peecata

261 2945 465 2991 eorum
482 2934 554 3010 ;“
598 2931 637 2992 i.
687 2948 739 2993 e.
787 2930 850 2993 et
895 2948 1008 3013 ego
1054 2931 1222 2994 Deus
1269 2948 1410 2992 cum
1457 2929 1574 2993 hoe
1634 2929 1861 3011 populo
1908 2929 2197 2992 credente
2242 2929 2456 2993 feedue
2508 2929 2692 3005 inibe,

262 3033 596 3112 postquam
643 3029 956 3095 abstulero
1001 3031 1258 3113 peecata
1304 3047 1425 3095 non
1494 3031 1841 3112 aliquorum
1887 3047 1919 3092 e
1963 3029 2208 3111 populo,
2272 3033 2380 3093 eed
2428 3033 2692 3097 tetius

262 3133 493 3211 populi.
547 3168 625 3177 —-
671 3130 874 3203 αὐτοις
917 3132 1164 3196 dativus
1209 3132 1628 3196 commodi.

468 3232 549 3297 V.
593 3233 694 3298 28.
740 3232 970 3326 „Quod
1014 3234 1227 3296 attinet
1283 3232 1370 3295 ad
1431 3230 1807 3317 evanyelium
1851 3230 2112 3317 quidem,
2171 3233 2408 3297 inimiee'
2436 3241 2696 3317 prepter

263 3349 399 3411 vos,·
459 3333 627 3419 quod
671 3344 871 3398 autem
929 3334 1143 3396 attinet
1185 3334 1272 3397 ad
1329 3334 1689 3413 electionem,
1746 3332 1955 3397 dilecti
2002 3342 2260 3418 propter
2292 3341 2568 3417 petreefl
2620 3373 2688 3381 -

265 3427 470 3508 Quum
535 3438 850 3519 apostolus
909 3435 1205 3512 dixisset,
1269 3438 1564 3518 populum
1623 3435 2040 3499 Israeliticum
2103 3435 2460 3501 universum
2532 3437 2692 3501 bena

272 3535 568 3600 ccclesiae
617 3536 688 3600 N.
739 3537 808 3601 Τ.
856 3535 1372 3618 participaturum
1418 3556 1552 3601 esse
1600 3536 1680 3621 (v.
1721 3535 1871 3619 26.)‚
1919 3536 2159 3619 poterat
2202 3537 2264 3601 id
2312 3537 2556 3601 euidem
2600 3537 2692 3601 in-

268 3635 566 3701 credibile
613 3621 823 3714 videri,
871 3637 1276 3719 existimanti,
1322 3638 1502 3702 illum
1537 3637 1836 3721 populum
1859 3637 1937 3701 ob
1964 3637 2464 3701 incredulitatem
2512 3657 2688 3701 enam

270 3750 388 3797 non
433 3754 620 3821 posse
664 3757 786 3802 non
833 3757 968 3802 esse
1017 3740 1144 3803 Deo
1191 3757 1529 3804 exosum.
1612 3737 2005 3803 Dubitationi
2047 3738 2193 3803 huie
2238 3741 2500 3805 eeenrrit
2544 3757 2688 3821 ape-

271 3836 490 3916 stolus,
557 3838 706 3902 dum
775 3838 972 3917 docet,
1040 3841 1338 3922 populum
1385 3839 1823 3916 israeliticum,
1873 3840 2154 3921 quamvis
2198 3841 2432 3905 ratiene
2476 3841 2688 3905 habita

270 3939 720 4021 evangelii,
805 3940 965 4022 quod
1049 3940 1381 4023 rejecerat,
1471 3941 1553 4004 sit
1636 3941 1765 4005 Deo
1845 3959 2079 4020 exosae,
2158 3942 2368 4007 tamen
2452 3941 2688 4005 ratione

267 4030 477 4103 habita
535 4040 1012 4119 electioniS,
1077 4060 1197 4124 qua
1239 4042 1410 4107 Deus
1474 4043 1785 4134 populum&
1818 4041 2232 4107 Israeliticum
2280 4045 2344 4105 in
2392 4045 2684 4125 pepulere

274 4152 451 4203 suum
518 4141 893 4223 peculiarem
961 4141 1079 4207 sibi
1147 4144 1456 4227 elegisset,
1525 4146 1821 4226 perpetuo
1891 4144 1984 4207 illi
2052 4162 2185 4208 esse
2256 4161 2540 4209 earum.
2612 4181 2682 4193 -e

271 4233 624 4323 Subjectum
669 4244 732 4307 in
780 4246 1038 4325 utraque
1102 4246 1413 4309 sententia
1456 4246 1518 4310 h.
1566 4247 1605 4309 l.
1657 4248 1753 4309 est
1801 4248 1858 4306 οὶ
1899 4244 2183 4307 Ἰουδαῖοι
2198 4265 2222 4321 ,-
2280 4249 2492 4329 ege-pul
2546 4265 2684 4309 vere

273 4334 370 4419 (ad
435 4361 623 4424 quam
685 4363 900 4409 vocem
963 4346 1242 4429 suppleri
1303 4347 1488 4412 debet
1550 4351 1748 4434 θεοῦ),
1816 4347 1958 4431 quia
2018 4349 2344 4433 opponit-111·
2408 4349 2684 4433 sequenti

272 4442 402 4507 voci
445 4443 756 4527 ἀγαπητοί,
802 4446 1057 4512 denotat
1116 4448 1255 4513 hic:
1318 4450 1557 4515 exosi.
1629 4487 1697 4497 —
1762 4448 1835 4510 δι’
1896 4449 2067 4531 ὑμᾶς,
2126 4453 2472 4533 prepter
2532 4469 2688 4533 ree,
