<?xml version="1.0" encoding="UTF-8"?>
<!DOCTYPE html PUBLIC "-//W3C//DTD XHTML 1.0 Transitional//EN"
    "http://www.w3.org/TR/xhtml1/DTD/xhtml1-transitional.dtd">
<html xmlns="http://www.w3.org/1999/xhtml" xml:lang="en" lang="en">
 <head>
  <title>
</title>
<meta http-equiv="Content-Type" content="text/html;charset=utf-8" />
  <meta name='ocr-system' content='tesseract 3.04.00' />
  <meta name='ocr-capabilities' content='ocr_page ocr_carea ocr_par ocr_line ocrx_word'/>
</head>
<body>
  <div class='ocr_page' id='page_1' title='image "./commentariusine00klofgoog_0067.png"; bbox 0 0 3234 4992; ppageno 0'>
   <div class='ocr_carea' id='block_1_1' title="bbox 131 0 768 68">
    <p class='ocr_par' dir='ltr' id='par_1_1' title="bbox 131 0 768 68">
     <span class='ocr_line' id='line_1_1' title="bbox 131 0 768 38; baseline 0.003 -32"><span class='ocrx_word' id='word_1_1' title='bbox 131 3 134 6; x_wconf 84' lang='lat'><strong>.</strong></span> <span class='ocrx_word' id='word_1_2' title='bbox 169 3 206 10; x_wconf 66' lang='grc'><strong>...-</strong></span> <span class='ocrx_word' id='word_1_3' title='bbox 239 0 580 38; x_wconf 47' lang='grc' dir='ltr'><strong>τεῆῖτςᾞπῃῑξ</strong></span> <span class='ocrx_word' id='word_1_4' title='bbox 606 0 694 28; x_wconf 25' lang='grc' dir='ltr'><strong>’.ζ’-’.τ</strong></span> <span class='ocrx_word' id='word_1_5' title='bbox 727 5 730 8; x_wconf 84' lang='grc'><strong>.</strong></span> <span class='ocrx_word' id='word_1_6' title='bbox 759 15 768 24; x_wconf 58' lang='grc'><strong><em>,</em></strong></span> 
     </span>
     <span class='ocr_line' id='line_1_2' title="bbox 420 55 436 68; baseline 0 0"><span class='ocrx_word' id='word_1_7' title='bbox 420 55 436 68; x_wconf 60' lang='lat' dir='ltr'><strong><em>Q</em></strong></span> 
     </span>
    </p>
   </div>
   <div class='ocr_carea' id='block_1_2' title="bbox 1197 231 2625 309">
    <p class='ocr_par' dir='ltr' id='par_1_2' title="bbox 1197 231 2625 309">
     <span class='ocr_line' id='line_1_3' title="bbox 1197 231 2625 309; baseline 0.001 -31"><span class='ocrx_word' id='word_1_8' title='bbox 1197 238 1306 289; x_wconf 63' lang='lat' dir='ltr'><strong>cap.</strong></span> <span class='ocrx_word' id='word_1_9' title='bbox 1331 231 1410 280; x_wconf 75' lang='lat' dir='ltr'><strong>IV.</strong></span> <span class='ocrx_word' id='word_1_10' title='bbox 1434 248 1480 280; x_wconf 78' lang='lat' dir='ltr'><strong>v.</strong></span> <span class='ocrx_word' id='word_1_11' title='bbox 1507 232 1623 279; x_wconf 73' lang='grc'><strong>’1-9,</strong></span> <span class='ocrx_word' id='word_1_12' title='bbox 2541 233 2625 309; x_wconf 75' lang='grc'><strong>63</strong></span> 
     </span>
    </p>
   </div>
   <div class='ocr_carea' id='block_1_3' title="bbox 215 422 2643 4360">
    <p class='ocr_par' dir='ltr' id='par_1_3' title="bbox 215 422 2630 711">
     <span class='ocr_line' id='line_1_4' title="bbox 222 422 2625 508; baseline 0.002 -20"><span class='ocrx_word' id='word_1_13' title='bbox 222 441 384 488; x_wconf 90' lang='lat' dir='ltr'><strong>vore</strong></span> <span class='ocrx_word' id='word_1_14' title='bbox 442 422 652 490; x_wconf 84' lang='lat' dir='ltr'><strong>divino</strong></span> <span class='ocrx_word' id='word_1_15' title='bbox 712 424 1122 508; x_wconf 76' lang='lat' dir='ltr'><strong>gaudentem:</strong></span> <span class='ocrx_word' id='word_1_16' title='bbox 1191 425 1336 490; x_wconf 87' lang='lat' dir='ltr'><strong>hinc</strong></span> <span class='ocrx_word' id='word_1_17' title='bbox 1391 425 1458 489; x_wconf 90' lang='lat' dir='ltr'><strong>in</strong></span> <span class='ocrx_word' id='word_1_18' title='bbox 1525 442 1672 490; x_wconf 85' lang='lat' dir='ltr'><strong>voce</strong></span> <span class='ocrx_word' id='word_1_19' title='bbox 1736 425 2303 492; x_wconf 77' lang='lat' dir='ltr'><strong>beatitudinis</strong></span> <span class='ocrx_word' id='word_1_20' title='bbox 2369 427 2625 493; x_wconf 84' lang='lat' dir='ltr'><strong>Davidis</strong></span> 
     </span>
     <span class='ocr_line' id='line_1_5' title="bbox 215 524 2630 612; baseline 0.001 -22"><span class='ocrx_word' id='word_1_21' title='bbox 215 525 336 608; x_wconf 85' lang='lat' dir='ltr'><strong>jam</strong></span> <span class='ocrx_word' id='word_1_22' title='bbox 401 525 592 590; x_wconf 89' lang='lat' dir='ltr'><strong>simul</strong></span> <span class='ocrx_word' id='word_1_23' title='bbox 657 527 812 590; x_wconf 87' lang='lat' dir='ltr'><strong>latet</strong></span> <span class='ocrx_word' id='word_1_24' title='bbox 875 526 1041 591; x_wconf 89' lang='lat' dir='ltr'><strong>notio</strong></span> <span class='ocrx_word' id='word_1_25' title='bbox 1099 527 1484 610; x_wconf 76' lang='lat' dir='ltr'><strong>Justitiae</strong></span> <span class='ocrx_word' id='word_1_26' title='bbox 1550 529 1613 590; x_wconf 89' lang='lat' dir='ltr'><strong>et</strong></span> <span class='ocrx_word' id='word_1_27' title='bbox 1671 524 1898 592; x_wconf 83' lang='lat' dir='ltr'><strong>favoris</strong></span> <span class='ocrx_word' id='word_1_28' title='bbox 1953 526 2164 592; x_wconf 84' lang='lat' dir='ltr'><strong>divini.</strong></span> <span class='ocrx_word' id='word_1_29' title='bbox 2254 527 2433 593; x_wconf 90' lang='lat' dir='ltr'><strong>Nunc</strong></span> <span class='ocrx_word' id='word_1_30' title='bbox 2490 528 2630 612; x_wconf 88' lang='lat' dir='ltr'><strong>ipsa</strong></span> 
     </span>
     <span class='ocr_line' id='line_1_6' title="bbox 220 626 1831 711; baseline 0.001 -21"><span class='ocrx_word' id='word_1_31' title='bbox 220 626 461 691; x_wconf 84' lang='lat' dir='ltr'><strong>Davidis</strong></span> <span class='ocrx_word' id='word_1_32' title='bbox 506 627 699 692; x_wconf 87' lang='lat' dir='ltr'><strong>verba</strong></span> <span class='ocrx_word' id='word_1_33' title='bbox 741 626 1079 692; x_wconf 87' lang='lat' dir='ltr'><strong>afferuntur</strong></span> <span class='ocrx_word' id='word_1_34' title='bbox 1115 629 1293 711; x_wconf 76' lang='lat' dir='ltr'><strong>Juxta</strong></span> <span class='ocrx_word' id='word_1_35' title='bbox 1336 627 1687 693; x_wconf 82' lang='lat' dir='ltr'><strong>versionem</strong></span> <span class='ocrx_word' id='word_1_36' title='bbox 1732 629 1831 692; x_wconf 86' lang='lat'><strong>70.</strong></span> 
     </span>
    </p>

    <p class='ocr_par' dir='ltr' id='par_1_4' title="bbox 218 727 2634 1523">
     <span class='ocr_line' id='line_1_7' title="bbox 408 727 2627 814; baseline 0.001 -21"><span class='ocrx_word' id='word_1_37' title='bbox 408 728 488 793; x_wconf 90' lang='lat' dir='ltr'><strong>V.</strong></span> <span class='ocrx_word' id='word_1_38' title='bbox 537 730 594 793; x_wconf 86' lang='lat'><strong>7.</strong></span> <span class='ocrx_word' id='word_1_39' title='bbox 685 727 934 808; x_wconf 54' lang='lat' dir='ltr'><strong>„Beata</strong></span> <span class='ocrx_word' id='word_1_40' title='bbox 1001 751 1258 814; x_wconf 67' lang='lat' dir='ltr'><strong>quoram</strong></span> <span class='ocrx_word' id='word_1_41' title='bbox 1299 730 1587 793; x_wconf 77' lang='lat' dir='ltr'><strong>remissae</strong></span> <span class='ocrx_word' id='word_1_42' title='bbox 1629 737 1771 791; x_wconf 69' lang='lat' dir='ltr'><strong>surzt</strong></span> <span class='ocrx_word' id='word_1_43' title='bbox 1797 729 2432 813; x_wconf 57' lang='lat' dir='ltr'><strong>praevaricationff3</strong></span> <span class='ocrx_word' id='word_1_44' title='bbox 2490 729 2529 794; x_wconf 88' lang='lat' dir='ltr'><strong>i.</strong></span> <span class='ocrx_word' id='word_1_45' title='bbox 2576 748 2627 795; x_wconf 89' lang='lat' dir='ltr'><strong>e.</strong></span> 
     </span>
     <span class='ocr_line' id='line_1_8' title="bbox 219 829 2633 916; baseline 0.002 -24"><span class='ocrx_word' id='word_1_46' title='bbox 219 829 372 893; x_wconf 87' lang='lat' dir='ltr'><strong>beati</strong></span> <span class='ocrx_word' id='word_1_47' title='bbox 415 831 818 914; x_wconf 86' lang='lat' dir='ltr'><strong>praedicandi</strong></span> <span class='ocrx_word' id='word_1_48' title='bbox 860 833 1040 910; x_wconf 88' lang='lat' dir='ltr'><strong>sunt,</strong></span> <span class='ocrx_word' id='word_1_49' title='bbox 1107 832 1332 915; x_wconf 91' lang='lat' dir='ltr'><strong>quibus</strong></span> <span class='ocrx_word' id='word_1_50' title='bbox 1395 831 1667 916; x_wconf 87' lang='lat' dir='ltr'><strong>gratuito</strong></span> <span class='ocrx_word' id='word_1_51' title='bbox 1730 831 1939 896; x_wconf 87' lang='lat' dir='ltr'><strong>ablata</strong></span> <span class='ocrx_word' id='word_1_52' title='bbox 1999 833 2062 894; x_wconf 88' lang='lat' dir='ltr'><strong>et</strong></span> <span class='ocrx_word' id='word_1_53' title='bbox 2102 831 2445 896; x_wconf 87' lang='lat' dir='ltr'><strong>condonata</strong></span> <span class='ocrx_word' id='word_1_54' title='bbox 2486 834 2633 896; x_wconf 88' lang='lat' dir='ltr'><strong>sunt</strong></span> 
     </span>
     <span class='ocr_line' id='line_1_9' title="bbox 223 931 2628 1018; baseline 0.002 -24"><span class='ocrx_word' id='word_1_55' title='bbox 223 934 485 1012; x_wconf 88' lang='lat' dir='ltr'><strong>peccata.</strong></span> <span class='ocrx_word' id='word_1_56' title='bbox 575 931 793 1012; x_wconf 71' lang='grc' dir='ltr'><em>ἀνομία</em></span> <span class='ocrx_word' id='word_1_57' title='bbox 849 938 944 999; x_wconf 87' lang='lat' dir='ltr'><strong>est</strong></span> <span class='ocrx_word' id='word_1_58' title='bbox 988 935 1300 1016; x_wconf 86' lang='lat' dir='ltr'><strong>quaelibet</strong></span> <span class='ocrx_word' id='word_1_59' title='bbox 1341 935 1500 1018; x_wconf 87' lang='lat' dir='ltr'><strong>legis</strong></span> <span class='ocrx_word' id='word_1_60' title='bbox 1560 934 1801 999; x_wconf 87' lang='lat' dir='ltr'><strong>divinae</strong></span> <span class='ocrx_word' id='word_1_61' title='bbox 1858 934 2293 1016; x_wconf 86' lang='lat' dir='ltr'><strong>transgressio,</strong></span> <span class='ocrx_word' id='word_1_62' title='bbox 2358 934 2628 1000; x_wconf 81' lang='lat' dir='ltr'><strong>violatio.</strong></span> 
     </span>
     <span class='ocr_line' id='line_1_10' title="bbox 219 1031 2631 1122; baseline 0.002 -28"><span class='ocrx_word' id='word_1_63' title='bbox 219 1067 292 1076; x_wconf 98' lang='lat'><strong>—</strong></span> <span class='ocrx_word' id='word_1_64' title='bbox 331 1031 457 1110; x_wconf 72' lang='lat' dir='ltr'><strong>„Ec</strong></span> <span class='ocrx_word' id='word_1_65' title='bbox 498 1055 758 1118; x_wconf 74' lang='lat' dir='ltr'><strong>quorum</strong></span> <span class='ocrx_word' id='word_1_66' title='bbox 801 1043 956 1098; x_wconf 78' lang='lat' dir='ltr'><strong>tecta</strong></span> <span class='ocrx_word' id='word_1_67' title='bbox 998 1044 1141 1098; x_wconf 79' lang='lat' dir='ltr'><strong>sunt</strong></span> <span class='ocrx_word' id='word_1_68' title='bbox 1167 1041 1494 1122; x_wconf 76' lang='lat' dir='ltr'><strong>peccata“;</strong></span> <span class='ocrx_word' id='word_1_69' title='bbox 1536 1036 1579 1099; x_wconf 91' lang='lat' dir='ltr'><strong>i.</strong></span> <span class='ocrx_word' id='word_1_70' title='bbox 1627 1054 1678 1101; x_wconf 94' lang='lat' dir='ltr'><strong>e.</strong></span> <span class='ocrx_word' id='word_1_71' title='bbox 1726 1054 1763 1100; x_wconf 89' lang='lat' dir='ltr'><strong>a</strong></span> <span class='ocrx_word' id='word_1_72' title='bbox 1806 1037 2143 1117; x_wconf 88' lang='lat' dir='ltr'><strong>conspectu</strong></span> <span class='ocrx_word' id='word_1_73' title='bbox 2176 1036 2432 1113; x_wconf 87' lang='lat' dir='ltr'><strong>remota,</strong></span> <span class='ocrx_word' id='word_1_74' title='bbox 2477 1035 2631 1100; x_wconf 88' lang='lat' dir='ltr'><strong>obli-</strong></span> 
     </span>
     <span class='ocr_line' id='line_1_11' title="bbox 220 1133 2632 1219; baseline 0.002 -23"><span class='ocrx_word' id='word_1_75' title='bbox 220 1133 369 1197; x_wconf 85' lang='lat' dir='ltr'><strong>vioni</strong></span> <span class='ocrx_word' id='word_1_76' title='bbox 412 1135 591 1217; x_wconf 84' lang='lat' dir='ltr'><strong>quasi</strong></span> <span class='ocrx_word' id='word_1_77' title='bbox 639 1135 894 1214; x_wconf 87' lang='lat' dir='ltr'><strong>tradita,</strong></span> <span class='ocrx_word' id='word_1_78' title='bbox 964 1136 1052 1201; x_wconf 90' lang='lat' dir='ltr'><strong>ita</strong></span> <span class='ocrx_word' id='word_1_79' title='bbox 1112 1141 1184 1202; x_wconf 93' lang='lat' dir='ltr'><strong>ut</strong></span> <span class='ocrx_word' id='word_1_80' title='bbox 1229 1137 1500 1219; x_wconf 89' lang='lat' dir='ltr'><strong>amplius</strong></span> <span class='ocrx_word' id='word_1_81' title='bbox 1544 1154 1668 1202; x_wconf 91' lang='lat' dir='ltr'><strong>non</strong></span> <span class='ocrx_word' id='word_1_82' title='bbox 1712 1137 1856 1214; x_wconf 90' lang='lat' dir='ltr'><strong>sint,</strong></span> <span class='ocrx_word' id='word_1_83' title='bbox 1925 1135 2071 1200; x_wconf 90' lang='lat' dir='ltr'><strong>hinc</strong></span> <span class='ocrx_word' id='word_1_84' title='bbox 2114 1135 2377 1201; x_wconf 88' lang='lat' dir='ltr'><strong>remissa</strong></span> <span class='ocrx_word' id='word_1_85' title='bbox 2419 1136 2483 1200; x_wconf 91' lang='lat' dir='ltr'><strong>et</strong></span> <span class='ocrx_word' id='word_1_86' title='bbox 2526 1137 2632 1200; x_wconf 89' lang='lat' dir='ltr'><strong>de-</strong></span> 
     </span>
     <span class='ocr_line' id='line_1_12' title="bbox 221 1233 2634 1322; baseline 0.003 -27"><span class='ocrx_word' id='word_1_87' title='bbox 221 1233 350 1296; x_wconf 88' lang='lat' dir='ltr'><strong>leta.</strong></span> <span class='ocrx_word' id='word_1_88' title='bbox 403 1269 470 1281; x_wconf 90' lang='lat'>-</span> <span class='ocrx_word' id='word_1_89' title='bbox 567 1237 701 1301; x_wconf 90' lang='lat' dir='ltr'><strong>Deo</strong></span> <span class='ocrx_word' id='word_1_90' title='bbox 769 1237 936 1302; x_wconf 92' lang='lat' dir='ltr'><strong>enim</strong></span> <span class='ocrx_word' id='word_1_91' title='bbox 997 1238 1088 1302; x_wconf 91' lang='lat' dir='ltr'><strong>nil</strong></span> <span class='ocrx_word' id='word_1_92' title='bbox 1151 1239 1416 1322; x_wconf 87' lang='lat' dir='ltr'><strong>tegitur,</strong></span> <span class='ocrx_word' id='word_1_93' title='bbox 1485 1238 1607 1301; x_wconf 87' lang='lat' dir='ltr'><strong>nisi</strong></span> <span class='ocrx_word' id='word_1_94' title='bbox 1664 1236 1829 1320; x_wconf 88' lang='lat' dir='ltr'><strong>quod</strong></span> <span class='ocrx_word' id='word_1_95' title='bbox 1883 1253 2007 1300; x_wconf 88' lang='lat' dir='ltr'><strong>non</strong></span> <span class='ocrx_word' id='word_1_96' title='bbox 2050 1239 2177 1313; x_wconf 79' lang='lat' dir='ltr'><strong>est:</strong></span> <span class='ocrx_word' id='word_1_97' title='bbox 2242 1237 2388 1308; x_wconf 88' lang='lat' dir='ltr'><strong>hinc</strong></span> <span class='ocrx_word' id='word_1_98' title='bbox 2432 1238 2634 1319; x_wconf 88' lang='lat' dir='ltr'><strong>quoad</strong></span> 
     </span>
     <span class='ocr_line' id='line_1_13' title="bbox 224 1337 2634 1422; baseline 0.002 -26"><span class='ocrx_word' id='word_1_99' title='bbox 224 1351 462 1399; x_wconf 88' lang='lat' dir='ltr'><strong>sensum</strong></span> <span class='ocrx_word' id='word_1_100' title='bbox 527 1337 840 1403; x_wconf 88' lang='lat' dir='ltr'><strong>sententia</strong></span> <span class='ocrx_word' id='word_1_101' title='bbox 902 1338 1054 1403; x_wconf 84' lang='lat' dir='ltr'><strong>haec</strong></span> <span class='ocrx_word' id='word_1_102' title='bbox 1119 1357 1244 1404; x_wconf 91' lang='lat' dir='ltr'><strong>non</strong></span> <span class='ocrx_word' id='word_1_103' title='bbox 1303 1343 1397 1404; x_wconf 85' lang='lat' dir='ltr'><strong>est</strong></span> <span class='ocrx_word' id='word_1_104' title='bbox 1461 1338 1706 1404; x_wconf 85' lang='lat' dir='ltr'><strong>diversa</strong></span> <span class='ocrx_word' id='word_1_105' title='bbox 1769 1356 1807 1402; x_wconf 87' lang='lat' dir='ltr'><strong>a</strong></span> <span class='ocrx_word' id='word_1_106' title='bbox 1850 1354 2239 1422; x_wconf 84' lang='lat' dir='ltr'><strong>praegressa:</strong></span> <span class='ocrx_word' id='word_1_107' title='bbox 2299 1340 2634 1420; x_wconf 86' lang='lat' dir='ltr'><strong>peccata</strong></span> 
     </span>
     <span class='ocr_line' id='line_1_14' title="bbox 218 1435 2399 1523; baseline 0.002 -26"><span class='ocrx_word' id='word_1_108' title='bbox 218 1435 666 1518; x_wconf 76' lang='lat' dir='ltr'><strong>remittere,</strong></span> <span class='ocrx_word' id='word_1_109' title='bbox 714 1439 778 1503; x_wconf 89' lang='lat' dir='ltr'><strong>et</strong></span> <span class='ocrx_word' id='word_1_110' title='bbox 819 1457 857 1504; x_wconf 99' lang='lat' dir='ltr'><strong>a</strong></span> <span class='ocrx_word' id='word_1_111' title='bbox 901 1441 1218 1523; x_wconf 86' lang='lat' dir='ltr'><strong>sequenti:</strong></span> <span class='ocrx_word' id='word_1_112' title='bbox 1262 1458 1419 1506; x_wconf 90' lang='lat' dir='ltr'><strong>non</strong></span> <span class='ocrx_word' id='word_1_113' title='bbox 1481 1440 1894 1523; x_wconf 87' lang='lat' dir='ltr'><strong>imputare</strong></span> <span class='ocrx_word' id='word_1_114' title='bbox 1960 1440 2399 1522; x_wconf 90' lang='lat' dir='ltr'><strong>peccatum.</strong></span> 
     </span>
    </p>

    <p class='ocr_par' dir='ltr' id='par_1_5' title="bbox 221 1536 2641 3239">
     <span class='ocr_line' id='line_1_15' title="bbox 408 1536 2637 1625; baseline 0 -24"><span class='ocrx_word' id='word_1_115' title='bbox 408 1536 481 1601; x_wconf 90' lang='lat' dir='ltr'><strong>V.</strong></span> <span class='ocrx_word' id='word_1_116' title='bbox 529 1539 590 1602; x_wconf 85' lang='lat'><strong>8.</strong></span> <span class='ocrx_word' id='word_1_117' title='bbox 683 1539 960 1618; x_wconf 81' lang='lat' dir='ltr'><strong>„Beatus</strong></span> <span class='ocrx_word' id='word_1_118' title='bbox 999 1540 1098 1604; x_wconf 82' lang='lat' dir='ltr'><strong>vir</strong></span> <span class='ocrx_word' id='word_1_119' title='bbox 1112 1588 1133 1619; x_wconf 92' lang='lat'><strong>,</strong></span> <span class='ocrx_word' id='word_1_120' title='bbox 1199 1541 1300 1606; x_wconf 79' lang='lat' dir='ltr'><strong>cui</strong></span> <span class='ocrx_word' id='word_1_121' title='bbox 1358 1563 1482 1605; x_wconf 78' lang='lat' dir='ltr'><strong>non</strong></span> <span class='ocrx_word' id='word_1_122' title='bbox 1546 1539 1877 1625; x_wconf 75' lang='lat' dir='ltr'><strong>imputavit</strong></span> <span class='ocrx_word' id='word_1_123' title='bbox 1916 1537 2223 1602; x_wconf 78' lang='lat' dir='ltr'><strong>Dominus</strong></span> <span class='ocrx_word' id='word_1_124' title='bbox 2251 1544 2637 1624; x_wconf 75' lang='lat' dir='ltr'><strong>peccatum“;</strong></span> 
     </span>
     <span class='ocr_line' id='line_1_16' title="bbox 221 1635 2635 1725; baseline 0.002 -26"><span class='ocrx_word' id='word_1_125' title='bbox 221 1635 349 1716; x_wconf 88' lang='lat' dir='ltr'><strong>quia</strong></span> <span class='ocrx_word' id='word_1_126' title='bbox 401 1639 535 1703; x_wconf 90' lang='lat' dir='ltr'><strong>scil.</strong></span> <span class='ocrx_word' id='word_1_127' title='bbox 596 1638 734 1724; x_wconf 86' lang='lat' dir='ltr'><strong>jam</strong></span> <span class='ocrx_word' id='word_1_128' title='bbox 801 1641 983 1725; x_wconf 84' lang='lat' dir='ltr'><strong>plene</strong></span> <span class='ocrx_word' id='word_1_129' title='bbox 1048 1642 1325 1707; x_wconf 87' lang='lat' dir='ltr'><strong>deletum</strong></span> <span class='ocrx_word' id='word_1_130' title='bbox 1393 1642 1458 1706; x_wconf 89' lang='lat' dir='ltr'><strong>et</strong></span> <span class='ocrx_word' id='word_1_131' title='bbox 1499 1641 1785 1708; x_wconf 85' lang='lat' dir='ltr'><strong>ablatum</strong></span> <span class='ocrx_word' id='word_1_132' title='bbox 1830 1643 1952 1720; x_wconf 89' lang='lat' dir='ltr'><strong>est,</strong></span> <span class='ocrx_word' id='word_1_133' title='bbox 2015 1641 2159 1706; x_wconf 90' lang='lat' dir='ltr'><strong>hinc</strong></span> <span class='ocrx_word' id='word_1_134' title='bbox 2216 1641 2304 1705; x_wconf 91' lang='lat' dir='ltr'><strong>nil</strong></span> <span class='ocrx_word' id='word_1_135' title='bbox 2367 1641 2635 1724; x_wconf 88' lang='lat' dir='ltr'><strong>amplius</strong></span> 
     </span>
     <span class='ocr_line' id='line_1_17' title="bbox 224 1737 2633 1827; baseline 0.002 -26"><span class='ocrx_word' id='word_1_136' title='bbox 224 1737 410 1817; x_wconf 86' lang='lat' dir='ltr'><strong>adest,</strong></span> <span class='ocrx_word' id='word_1_137' title='bbox 477 1744 733 1823; x_wconf 90' lang='lat' dir='ltr'><strong>propter</strong></span> <span class='ocrx_word' id='word_1_138' title='bbox 776 1743 936 1825; x_wconf 90' lang='lat' dir='ltr'><strong>quod</strong></span> <span class='ocrx_word' id='word_1_139' title='bbox 982 1762 1126 1807; x_wconf 89' lang='lat' dir='ltr'><strong>eum</strong></span> <span class='ocrx_word' id='word_1_140' title='bbox 1171 1761 1285 1809; x_wconf 91' lang='lat' dir='ltr'><strong>ceu</strong></span> <span class='ocrx_word' id='word_1_141' title='bbox 1329 1746 1715 1827; x_wconf 89' lang='lat' dir='ltr'><strong>peccatorem</strong></span> <span class='ocrx_word' id='word_1_142' title='bbox 1760 1743 2089 1820; x_wconf 80' lang='lat' dir='ltr'><strong>tractaret,</strong></span> <span class='ocrx_word' id='word_1_143' title='bbox 2158 1741 2197 1806; x_wconf 94' lang='lat' dir='ltr'><strong>i.</strong></span> <span class='ocrx_word' id='word_1_144' title='bbox 2246 1761 2295 1806; x_wconf 93' lang='lat' dir='ltr'><strong>e.</strong></span> <span class='ocrx_word' id='word_1_145' title='bbox 2342 1742 2479 1807; x_wconf 88' lang='lat' dir='ltr'><strong>odio</strong></span> <span class='ocrx_word' id='word_1_146' title='bbox 2523 1742 2633 1807; x_wconf 92' lang='lat' dir='ltr'><strong>ha-</strong></span> 
     </span>
     <span class='ocr_line' id='line_1_18' title="bbox 223 1837 2637 1926; baseline 0.003 -25"><span class='ocrx_word' id='word_1_147' title='bbox 223 1837 379 1902; x_wconf 89' lang='lat' dir='ltr'><strong>beret</strong></span> <span class='ocrx_word' id='word_1_148' title='bbox 421 1843 482 1904; x_wconf 89' lang='lat' dir='ltr'><strong>et</strong></span> <span class='ocrx_word' id='word_1_149' title='bbox 524 1841 794 1924; x_wconf 87' lang='lat' dir='ltr'><strong>puniret.</strong></span> <span class='ocrx_word' id='word_1_150' title='bbox 888 1882 958 1894; x_wconf 88' lang='lat'><strong>-—</strong></span> <span class='ocrx_word' id='word_1_151' title='bbox 1052 1843 1142 1908; x_wconf 84' lang='lat' dir='ltr'><strong>Ex</strong></span> <span class='ocrx_word' id='word_1_152' title='bbox 1201 1845 1404 1909; x_wconf 84' lang='lat' dir='ltr'><strong>verbis</strong></span> <span class='ocrx_word' id='word_1_153' title='bbox 1465 1843 1591 1909; x_wconf 90' lang='lat' dir='ltr'><strong>his:</strong></span> <span class='ocrx_word' id='word_1_154' title='bbox 1685 1861 2055 1926; x_wconf 88' lang='lat' dir='ltr'><strong>„quorum</strong></span> <span class='ocrx_word' id='word_1_155' title='bbox 2143 1845 2365 1908; x_wconf 89' lang='lat' dir='ltr'><strong>tecta</strong></span> <span class='ocrx_word' id='word_1_156' title='bbox 2450 1845 2637 1908; x_wconf 88' lang='lat' dir='ltr'><strong>sunt</strong></span> 
     </span>
     <span class='ocr_line' id='line_1_19' title="bbox 224 1943 2631 2029; baseline 0.002 -25"><span class='ocrx_word' id='word_1_157' title='bbox 224 1943 584 2021; x_wconf 88' lang='lat' dir='ltr'><strong>peccata“</strong></span> <span class='ocrx_word' id='word_1_158' title='bbox 650 1979 733 1990; x_wconf 88' lang='lat'><strong>--</strong></span> <span class='ocrx_word' id='word_1_159' title='bbox 810 1946 874 2007; x_wconf 93' lang='lat' dir='ltr'><strong>et</strong></span> <span class='ocrx_word' id='word_1_160' title='bbox 945 1944 1108 2026; x_wconf 88' lang='lat' dir='ltr'><strong>„cui</strong></span> <span class='ocrx_word' id='word_1_161' title='bbox 1173 1962 1324 2009; x_wconf 91' lang='lat' dir='ltr'><strong>non</strong></span> <span class='ocrx_word' id='word_1_162' title='bbox 1389 1943 1840 2029; x_wconf 84' lang='lat' dir='ltr'><strong>imputavit</strong></span> <span class='ocrx_word' id='word_1_163' title='bbox 1895 1943 2285 2009; x_wconf 89' lang='lat' dir='ltr'><strong>Dominus</strong></span> <span class='ocrx_word' id='word_1_164' title='bbox 2352 1962 2631 2029; x_wconf 91' lang='lat' dir='ltr'><strong>pecca·</strong></span> 
     </span>
     <span class='ocr_line' id='line_1_20' title="bbox 223 2042 2635 2128; baseline 0.003 -25"><span class='ocrx_word' id='word_1_165' title='bbox 223 2042 429 2123; x_wconf 88' lang='lat' dir='ltr'><strong>tum“,</strong></span> <span class='ocrx_word' id='word_1_166' title='bbox 475 2044 808 2110; x_wconf 86' lang='lat' dir='ltr'><strong>acatholici</strong></span> <span class='ocrx_word' id='word_1_167' title='bbox 849 2045 1128 2128; x_wconf 86' lang='lat' dir='ltr'><strong>theologi</strong></span> <span class='ocrx_word' id='word_1_168' title='bbox 1171 2050 1534 2112; x_wconf 87' lang='lat' dir='ltr'><strong>construunt</strong></span> <span class='ocrx_word' id='word_1_169' title='bbox 1584 2064 1763 2111; x_wconf 85' lang='lat' dir='ltr'><strong>suam</strong></span> <span class='ocrx_word' id='word_1_170' title='bbox 1812 2046 1887 2109; x_wconf 90' lang='lat' dir='ltr'><strong>de</strong></span> <span class='ocrx_word' id='word_1_171' title='bbox 1926 2045 2369 2128; x_wconf 89' lang='lat' dir='ltr'><strong>justificatione</strong></span> <span class='ocrx_word' id='word_1_172' title='bbox 2414 2046 2635 2111; x_wconf 87' lang='lat' dir='ltr'><strong>doctri-</strong></span> 
     </span>
     <span class='ocr_line' id='line_1_21' title="bbox 225 2145 2636 2232; baseline 0.003 -28"><span class='ocrx_word' id='word_1_173' title='bbox 225 2160 384 2224; x_wconf 88' lang='lat' dir='ltr'><strong>nam,</strong></span> <span class='ocrx_word' id='word_1_174' title='bbox 437 2145 624 2229; x_wconf 83' lang='lat' dir='ltr'><strong>juxta</strong></span> <span class='ocrx_word' id='word_1_175' title='bbox 668 2164 857 2230; x_wconf 91' lang='lat' dir='ltr'><strong>quam</strong></span> <span class='ocrx_word' id='word_1_176' title='bbox 901 2146 966 2210; x_wconf 89' lang='lat' dir='ltr'><strong>in</strong></span> <span class='ocrx_word' id='word_1_177' title='bbox 1001 2146 1446 2229; x_wconf 89' lang='lat' dir='ltr'><strong>justificatione</strong></span> <span class='ocrx_word' id='word_1_178' title='bbox 1490 2149 1742 2232; x_wconf 87' lang='lat' dir='ltr'><strong>peccata</strong></span> <span class='ocrx_word' id='word_1_179' title='bbox 1797 2165 1952 2211; x_wconf 92' lang='lat' dir='ltr'><strong>non</strong></span> <span class='ocrx_word' id='word_1_180' title='bbox 1997 2147 2461 2225; x_wconf 86' lang='lat' dir='ltr'><strong>deleantur,</strong></span> <span class='ocrx_word' id='word_1_181' title='bbox 2528 2147 2636 2211; x_wconf 89' lang='lat' dir='ltr'><strong>sed</strong></span> 
     </span>
     <span class='ocr_line' id='line_1_22' title="bbox 223 2243 2637 2333; baseline 0.001 -23"><span class='ocrx_word' id='word_1_182' title='bbox 223 2243 450 2312; x_wconf 85' lang='lat' dir='ltr'><strong>tantum</strong></span> <span class='ocrx_word' id='word_1_183' title='bbox 494 2249 929 2332; x_wconf 88' lang='lat' dir='ltr'><strong>tegantur,</strong></span> <span class='ocrx_word' id='word_1_184' title='bbox 995 2250 1105 2312; x_wconf 90' lang='lat' dir='ltr'><strong>aut</strong></span> <span class='ocrx_word' id='word_1_185' title='bbox 1169 2266 1294 2314; x_wconf 91' lang='lat' dir='ltr'><strong>non</strong></span> <span class='ocrx_word' id='word_1_186' title='bbox 1358 2248 1897 2333; x_wconf 84' lang='lat' dir='ltr'><strong>imputentur.</strong></span> <span class='ocrx_word' id='word_1_187' title='bbox 1986 2245 2257 2312; x_wconf 85' lang='lat' dir='ltr'><strong>Falsitas</strong></span> <span class='ocrx_word' id='word_1_188' title='bbox 2324 2247 2637 2312; x_wconf 85' lang='lat' dir='ltr'><strong>doctrinae</strong></span> 
     </span>
     <span class='ocr_line' id='line_1_23' title="bbox 225 2343 2637 2432; baseline 0.002 -23"><span class='ocrx_word' id='word_1_189' title='bbox 225 2343 392 2430; x_wconf 86' lang='lat' dir='ltr'><strong>hujus</strong></span> <span class='ocrx_word' id='word_1_190' title='bbox 437 2348 506 2413; x_wconf 92' lang='lat' dir='ltr'><strong>in</strong></span> <span class='ocrx_word' id='word_1_191' title='bbox 551 2349 911 2432; x_wconf 87' lang='lat' dir='ltr'><strong>dogmatica</strong></span> <span class='ocrx_word' id='word_1_192' title='bbox 959 2350 1448 2428; x_wconf 87' lang='lat' dir='ltr'><strong>demonstratur,</strong></span> <span class='ocrx_word' id='word_1_193' title='bbox 1506 2367 1779 2414; x_wconf 90' lang='lat' dir='ltr'><strong>unacum</strong></span> <span class='ocrx_word' id='word_1_194' title='bbox 1826 2347 2125 2427; x_wconf 87' lang='lat' dir='ltr'><strong>doctrina,</strong></span> <span class='ocrx_word' id='word_1_195' title='bbox 2182 2347 2247 2412; x_wconf 89' lang='lat' dir='ltr'><strong>in</strong></span> <span class='ocrx_word' id='word_1_196' title='bbox 2292 2367 2411 2431; x_wconf 91' lang='lat' dir='ltr'><strong>quo</strong></span> <span class='ocrx_word' id='word_1_197' title='bbox 2452 2367 2637 2414; x_wconf 84' lang='lat' dir='ltr'><strong>vera</strong></span> 
     </span>
     <span class='ocr_line' id='line_1_24' title="bbox 226 2449 2633 2535; baseline 0 -24"><span class='ocrx_word' id='word_1_198' title='bbox 226 2449 510 2515; x_wconf 78' lang='lat' dir='ltr'><strong>consistat</strong></span> <span class='ocrx_word' id='word_1_199' title='bbox 547 2450 948 2534; x_wconf 81' lang='lat' dir='ltr'><strong>justificatio:</strong></span> <span class='ocrx_word' id='word_1_200' title='bbox 1005 2452 1117 2516; x_wconf 88' lang='lat' dir='ltr'><strong>sed</strong></span> <span class='ocrx_word' id='word_1_201' title='bbox 1159 2469 1350 2535; x_wconf 90' lang='lat' dir='ltr'><strong>quam</strong></span> <span class='ocrx_word' id='word_1_202' title='bbox 1392 2451 1558 2516; x_wconf 85' lang='lat' dir='ltr'><strong>male</strong></span> <span class='ocrx_word' id='word_1_203' title='bbox 1600 2450 1965 2534; x_wconf 84' lang='lat' dir='ltr'><strong>intelligant</strong></span> <span class='ocrx_word' id='word_1_204' title='bbox 2004 2451 2158 2514; x_wconf 87' lang='lat' dir='ltr'><strong>haec</strong></span> <span class='ocrx_word' id='word_1_205' title='bbox 2200 2449 2457 2514; x_wconf 87' lang='lat' dir='ltr'><strong>Davidis</strong></span> <span class='ocrx_word' id='word_1_206' title='bbox 2501 2468 2633 2514; x_wconf 89' lang='lat' dir='ltr'><strong>ver-</strong></span> 
     </span>
     <span class='ocr_line' id='line_1_25' title="bbox 227 2545 2641 2636; baseline 0.002 -26"><span class='ocrx_word' id='word_1_207' title='bbox 227 2545 299 2611; x_wconf 86' lang='lat' dir='ltr'><strong>ba</strong></span> <span class='ocrx_word' id='word_1_208' title='bbox 342 2551 670 2616; x_wconf 81' lang='lat' dir='ltr'><strong>acatholici</strong></span> <span class='ocrx_word' id='word_1_209' title='bbox 713 2552 1080 2636; x_wconf 84' lang='lat' dir='ltr'><strong>interpretes</strong></span> <span class='ocrx_word' id='word_1_210' title='bbox 1098 2602 1114 2631; x_wconf 91' lang='lat'><strong>,</strong></span> <span class='ocrx_word' id='word_1_211' title='bbox 1161 2571 1233 2616; x_wconf 86' lang='lat' dir='ltr'><strong>ex</strong></span> <span class='ocrx_word' id='word_1_212' title='bbox 1277 2571 1347 2616; x_wconf 92' lang='lat' dir='ltr'><strong>eo</strong></span> <span class='ocrx_word' id='word_1_213' title='bbox 1382 2551 1516 2635; x_wconf 75' lang='lat' dir='ltr'><strong>Jam</strong></span> <span class='ocrx_word' id='word_1_214' title='bbox 1563 2554 1772 2634; x_wconf 84' lang='lat' dir='ltr'><strong>potest</strong></span> <span class='ocrx_word' id='word_1_215' title='bbox 1815 2551 2115 2634; x_wconf 85' lang='lat' dir='ltr'><strong>perspici,</strong></span> <span class='ocrx_word' id='word_1_216' title='bbox 2184 2550 2329 2632; x_wconf 91' lang='lat' dir='ltr'><strong>quia</strong></span> <span class='ocrx_word' id='word_1_217' title='bbox 2370 2549 2641 2614; x_wconf 88' lang='lat' dir='ltr'><strong>Davides</strong></span> 
     </span>
     <span class='ocr_line' id='line_1_26' title="bbox 229 2647 2631 2739; baseline 0.001 -28"><span class='ocrx_word' id='word_1_218' title='bbox 229 2647 345 2730; x_wconf 88' lang='lat' dir='ltr'><strong>ipse</strong></span> <span class='ocrx_word' id='word_1_219' title='bbox 385 2654 631 2734; x_wconf 90' lang='lat' dir='ltr'><strong>psalmo</strong></span> <span class='ocrx_word' id='word_1_220' title='bbox 676 2653 776 2720; x_wconf 80' lang='lat'><strong>50.</strong></span> <span class='ocrx_word' id='word_1_221' title='bbox 825 2654 908 2738; x_wconf 83' lang='lat' dir='ltr'><strong>(v.</strong></span> <span class='ocrx_word' id='word_1_222' title='bbox 955 2655 1045 2739; x_wconf 87' lang='grc'><strong>9.)</strong></span> <span class='ocrx_word' id='word_1_223' title='bbox 1089 2655 1188 2718; x_wconf 87' lang='lat' dir='ltr'><strong>sat</strong></span> <span class='ocrx_word' id='word_1_224' title='bbox 1229 2654 1392 2718; x_wconf 89' lang='lat' dir='ltr'><strong>clare</strong></span> <span class='ocrx_word' id='word_1_225' title='bbox 1436 2653 1652 2731; x_wconf 90' lang='lat' dir='ltr'><strong>docet,</strong></span> <span class='ocrx_word' id='word_1_226' title='bbox 1715 2651 1863 2734; x_wconf 90' lang='lat' dir='ltr'><strong>quid</strong></span> <span class='ocrx_word' id='word_1_227' title='bbox 1916 2652 2224 2716; x_wconf 88' lang='lat' dir='ltr'><strong>censuerit</strong></span> <span class='ocrx_word' id='word_1_228' title='bbox 2286 2651 2361 2714; x_wconf 90' lang='lat' dir='ltr'><strong>de</strong></span> <span class='ocrx_word' id='word_1_229' title='bbox 2399 2649 2631 2734; x_wconf 87' lang='lat' dir='ltr'><strong>justifi-</strong></span> 
     </span>
     <span class='ocr_line' id='line_1_27' title="bbox 230 2750 2636 2838; baseline 0.002 -28"><span class='ocrx_word' id='word_1_230' title='bbox 230 2750 469 2818; x_wconf 87' lang='lat' dir='ltr'><strong>catione.</strong></span> <span class='ocrx_word' id='word_1_231' title='bbox 559 2754 729 2819; x_wconf 91' lang='lat' dir='ltr'><strong>Dicit</strong></span> <span class='ocrx_word' id='word_1_232' title='bbox 775 2755 908 2820; x_wconf 87' lang='lat' dir='ltr'><strong>scil.</strong></span> <span class='ocrx_word' id='word_1_233' title='bbox 954 2757 1089 2821; x_wconf 92' lang='lat' dir='ltr'><strong>loco</strong></span> <span class='ocrx_word' id='word_1_234' title='bbox 1135 2755 1360 2820; x_wconf 90' lang='lat' dir='ltr'><strong>citato:</strong></span> <span class='ocrx_word' id='word_1_235' title='bbox 1421 2754 1755 2838; x_wconf 89' lang='lat' dir='ltr'><strong>„Munda</strong></span> <span class='ocrx_word' id='word_1_236' title='bbox 1798 2771 1899 2816; x_wconf 86' lang='lat' dir='ltr'><strong>me</strong></span> <span class='ocrx_word' id='word_1_237' title='bbox 1941 2752 2242 2836; x_wconf 80' lang='lat' dir='ltr'><strong>hyssopo,</strong></span> <span class='ocrx_word' id='word_1_238' title='bbox 2303 2754 2375 2816; x_wconf 91' lang='lat' dir='ltr'><strong>ut</strong></span> <span class='ocrx_word' id='word_1_239' title='bbox 2427 2770 2636 2816; x_wconf 92' lang='lat' dir='ltr'><strong>mun-</strong></span> 
     </span>
     <span class='ocr_line' id='line_1_28' title="bbox 231 2848 2639 2942; baseline 0.002 -30"><span class='ocrx_word' id='word_1_240' title='bbox 231 2848 378 2929; x_wconf 78' lang='lat' dir='ltr'><strong>der:</strong></span> <span class='ocrx_word' id='word_1_241' title='bbox 441 2855 681 2920; x_wconf 82' lang='lat' dir='ltr'><strong>laves</strong></span> <span class='ocrx_word' id='word_1_242' title='bbox 725 2875 860 2936; x_wconf 92' lang='lat' dir='ltr'><strong>me,</strong></span> <span class='ocrx_word' id='word_1_243' title='bbox 926 2860 999 2921; x_wconf 89' lang='lat' dir='ltr'><strong>ut</strong></span> <span class='ocrx_word' id='word_1_244' title='bbox 1060 2875 1246 2942; x_wconf 89' lang='lat' dir='ltr'><strong>prae</strong></span> <span class='ocrx_word' id='word_1_245' title='bbox 1309 2855 1490 2920; x_wconf 82' lang='lat' dir='ltr'><strong>nive</strong></span> <span class='ocrx_word' id='word_1_246' title='bbox 1553 2853 1939 2919; x_wconf 86' lang='lat' dir='ltr'><strong>dealber“.</strong></span> <span class='ocrx_word' id='word_1_247' title='bbox 2029 2853 2280 2918; x_wconf 85' lang='lat' dir='ltr'><strong>Verbis:</strong></span> <span class='ocrx_word' id='word_1_248' title='bbox 2341 2853 2639 2918; x_wconf 89' lang='lat' dir='ltr'><strong>mundare</strong></span> 
     </span>
     <span class='ocr_line' id='line_1_29' title="bbox 228 2948 2636 3038; baseline 0.002 -24"><span class='ocrx_word' id='word_1_249' title='bbox 228 2948 472 3038; x_wconf 78' lang='lat' dir='ltr'><strong>hyssopo</strong></span> <span class='ocrx_word' id='word_1_250' title='bbox 517 2958 584 3021; x_wconf 90' lang='lat' dir='ltr'><strong>et</strong></span> <span class='ocrx_word' id='word_1_251' title='bbox 627 2957 948 3036; x_wconf 87' lang='lat' dir='ltr'><strong>mundari,</strong></span> <span class='ocrx_word' id='word_1_252' title='bbox 1008 2961 1171 3022; x_wconf 91' lang='lat' dir='ltr'><strong>certe</strong></span> <span class='ocrx_word' id='word_1_253' title='bbox 1213 2957 1524 3022; x_wconf 86' lang='lat' dir='ltr'><strong>indicatur</strong></span> <span class='ocrx_word' id='word_1_254' title='bbox 1589 2955 1909 3021; x_wconf 87' lang='lat' dir='ltr'><strong>ablatio</strong></span> <span class='ocrx_word' id='word_1_255' title='bbox 1973 2958 2408 3036; x_wconf 81' lang='lat' dir='ltr'><strong>peccatorum:</strong></span> <span class='ocrx_word' id='word_1_256' title='bbox 2472 2954 2636 3018; x_wconf 89' lang='lat' dir='ltr'><strong>sicut</strong></span> 
     </span>
     <span class='ocr_line' id='line_1_30' title="bbox 231 3055 2639 3140; baseline 0.002 -26"><span class='ocrx_word' id='word_1_257' title='bbox 231 3055 285 3116; x_wconf 86' lang='lat' dir='ltr'><strong>et</strong></span> <span class='ocrx_word' id='word_1_258' title='bbox 323 3058 848 3140; x_wconf 84' lang='lat' dir='ltr'><strong>expressionibus:</strong></span> <span class='ocrx_word' id='word_1_259' title='bbox 906 3060 1193 3124; x_wconf 80' lang='lat' dir='ltr'><strong>lavare</strong></span> <span class='ocrx_word' id='word_1_260' title='bbox 1237 3060 1299 3123; x_wconf 90' lang='lat' dir='ltr'><strong>et</strong></span> <span class='ocrx_word' id='word_1_261' title='bbox 1343 3057 1687 3123; x_wconf 83' lang='lat' dir='ltr'><strong>efficere</strong></span> <span class='ocrx_word' id='word_1_262' title='bbox 1729 3056 2165 3121; x_wconf 86' lang='lat' dir='ltr'><strong>candorem</strong></span> <span class='ocrx_word' id='word_1_263' title='bbox 2208 3056 2348 3120; x_wconf 85' lang='lat' dir='ltr'><strong>nive</strong></span> <span class='ocrx_word' id='word_1_264' title='bbox 2391 3073 2639 3139; x_wconf 88' lang='lat' dir='ltr'><strong>praece·</strong></span> 
     </span>
     <span class='ocr_line' id='line_1_31' title="bbox 231 3154 2009 3239; baseline 0.002 -20"><span class='ocrx_word' id='word_1_265' title='bbox 231 3154 479 3239; x_wconf 88' lang='lat' dir='ltr'><strong>dentem,</strong></span> <span class='ocrx_word' id='word_1_266' title='bbox 529 3161 836 3226; x_wconf 86' lang='lat' dir='ltr'><strong>indicatur</strong></span> <span class='ocrx_word' id='word_1_267' title='bbox 879 3163 1079 3226; x_wconf 86' lang='lat' dir='ltr'><strong>status</strong></span> <span class='ocrx_word' id='word_1_268' title='bbox 1123 3160 1402 3226; x_wconf 87' lang='lat' dir='ltr'><strong>candoris</strong></span> <span class='ocrx_word' id='word_1_269' title='bbox 1447 3163 1510 3224; x_wconf 89' lang='lat' dir='ltr'><strong>et</strong></span> <span class='ocrx_word' id='word_1_270' title='bbox 1556 3159 1923 3224; x_wconf 74' lang='lat' dir='ltr'><strong>sanctitatis</strong></span> <span class='ocrx_word' id='word_1_271' title='bbox 1959 3155 2009 3239; x_wconf 89' lang='lat'><strong>¹)</strong></span> 
     </span>
    </p>

    <p class='ocr_par' dir='ltr' id='par_1_6' title="bbox 221 3257 2643 4360">
     <span class='ocr_line' id='line_1_32' title="bbox 414 3257 2641 3346; baseline -0.002 -22"><span class='ocrx_word' id='word_1_272' title='bbox 414 3260 487 3325; x_wconf 89' lang='lat' dir='ltr'><strong>V.</strong></span> <span class='ocrx_word' id='word_1_273' title='bbox 539 3262 598 3326; x_wconf 86' lang='lat'><strong>9.</strong></span> <span class='ocrx_word' id='word_1_274' title='bbox 686 3261 904 3340; x_wconf 84' lang='lat' dir='ltr'><strong>„Haec</strong></span> <span class='ocrx_word' id='word_1_275' title='bbox 943 3262 1134 3346; x_wconf 74' lang='lat' dir='ltr'><strong>iqitur</strong></span> <span class='ocrx_word' id='word_1_276' title='bbox 1177 3259 1485 3324; x_wconf 77' lang='lat' dir='ltr'><strong>beatitudo</strong></span> <span class='ocrx_word' id='word_1_277' title='bbox 1527 3261 1597 3323; x_wconf 78' lang='lat' dir='ltr'><strong>in</strong></span> <span class='ocrx_word' id='word_1_278' title='bbox 1640 3257 2169 3335; x_wconf 74' lang='lat' dir='ltr'><strong>circumcisimwm,</strong></span> <span class='ocrx_word' id='word_1_279' title='bbox 2220 3278 2307 3320; x_wconf 80' lang='lat' dir='ltr'><strong>an</strong></span> <span class='ocrx_word' id='word_1_280' title='bbox 2348 3257 2531 3320; x_wconf 76' lang='lat' dir='ltr'><strong>ctiam</strong></span> <span class='ocrx_word' id='word_1_281' title='bbox 2572 3257 2641 3332; x_wconf 73' lang='lat' dir='ltr'><strong>in</strong></span> 
     </span>
     <span class='ocr_line' id='line_1_33' title="bbox 221 3358 2639 3446; baseline -0.002 -17"><span class='ocrx_word' id='word_1_282' title='bbox 221 3364 688 3446; x_wconf 61' lang='lat' dir='ltr'><strong>praeputiuw?</strong></span> <span class='ocrx_word' id='word_1_283' title='bbox 773 3365 928 3430; x_wconf 88' lang='lat' dir='ltr'><strong>Vult</strong></span> <span class='ocrx_word' id='word_1_284' title='bbox 973 3365 1208 3429; x_wconf 85' lang='lat' dir='ltr'><strong>dicere:</strong></span> <span class='ocrx_word' id='word_1_285' title='bbox 1275 3364 1380 3429; x_wconf 88' lang='lat' dir='ltr'><strong>An</strong></span> <span class='ocrx_word' id='word_1_286' title='bbox 1435 3364 1546 3428; x_wconf 91' lang='lat' dir='ltr'><strong>illa</strong></span> <span class='ocrx_word' id='word_1_287' title='bbox 1602 3361 1925 3427; x_wconf 82' lang='lat' dir='ltr'><strong>beatitatis</strong></span> <span class='ocrx_word' id='word_1_288' title='bbox 1969 3358 2341 3444; x_wconf 89' lang='lat' dir='ltr'><strong>praedicatio</strong></span> <span class='ocrx_word' id='word_1_289' title='bbox 2388 3377 2498 3422; x_wconf 92' lang='lat' dir='ltr'><strong>seu</strong></span> <span class='ocrx_word' id='word_1_290' title='bbox 2532 3358 2639 3442; x_wconf 87' lang='lat' dir='ltr'><strong>ju-</strong></span> 
     </span>
     <span class='ocr_line' id='line_1_34' title="bbox 233 3459 2641 3549; baseline 0 -26"><span class='ocrx_word' id='word_1_291' title='bbox 233 3460 523 3544; x_wconf 80' lang='lat' dir='ltr'><strong>stificatiO,</strong></span> <span class='ocrx_word' id='word_1_292' title='bbox 570 3466 646 3530; x_wconf 88' lang='lat' dir='ltr'><strong>de</strong></span> <span class='ocrx_word' id='word_1_293' title='bbox 689 3485 810 3549; x_wconf 89' lang='lat' dir='ltr'><strong>qua</strong></span> <span class='ocrx_word' id='word_1_294' title='bbox 850 3464 1053 3531; x_wconf 83' lang='lat' dir='ltr'><strong>David</strong></span> <span class='ocrx_word' id='word_1_295' title='bbox 1095 3465 1392 3548; x_wconf 88' lang='lat' dir='ltr'><strong>loquitur,</strong></span> <span class='ocrx_word' id='word_1_296' title='bbox 1438 3464 1690 3530; x_wconf 86' lang='lat' dir='ltr'><strong>tantum</strong></span> <span class='ocrx_word' id='word_1_297' title='bbox 1732 3462 2037 3546; x_wconf 84' lang='lat' dir='ltr'><strong>contingit</strong></span> <span class='ocrx_word' id='word_1_298' title='bbox 2068 3460 2108 3526; x_wconf 83' lang='lat' dir='ltr'>J</span> <span class='ocrx_word' id='word_1_299' title='bbox 2116 3460 2328 3526; x_wconf 89' lang='lat' dir='ltr'><strong>udaeis</strong></span> <span class='ocrx_word' id='word_1_300' title='bbox 2374 3459 2641 3525; x_wconf 90' lang='lat' dir='ltr'><strong>circum-</strong></span> 
     </span>
     <span class='ocr_line' id='line_1_35' title="bbox 233 3561 2641 3649; baseline 0.002 -25"><span class='ocrx_word' id='word_1_301' title='bbox 233 3561 403 3643; x_wconf 88' lang='lat' dir='ltr'><strong>cisis,</strong></span> <span class='ocrx_word' id='word_1_302' title='bbox 470 3584 554 3631; x_wconf 87' lang='lat' dir='ltr'><strong>an</strong></span> <span class='ocrx_word' id='word_1_303' title='bbox 619 3566 809 3631; x_wconf 89' lang='lat' dir='ltr'><strong>etiam</strong></span> <span class='ocrx_word' id='word_1_304' title='bbox 876 3566 1328 3632; x_wconf 90' lang='lat' dir='ltr'><strong>incircumcisis</strong></span> <span class='ocrx_word' id='word_1_305' title='bbox 1395 3585 1505 3631; x_wconf 90' lang='lat' dir='ltr'><strong>seu</strong></span> <span class='ocrx_word' id='word_1_306' title='bbox 1569 3564 1960 3649; x_wconf 75' lang='lat' dir='ltr'><strong>gentilibus?</strong></span> <span class='ocrx_word' id='word_1_307' title='bbox 2043 3601 2119 3611; x_wconf 89' lang='lat'>—</span> <span class='ocrx_word' id='word_1_308' title='bbox 2224 3562 2345 3627; x_wconf 90' lang='lat' dir='ltr'><strong>Hic</strong></span> <span class='ocrx_word' id='word_1_309' title='bbox 2395 3561 2531 3645; x_wconf 84' lang='lat' dir='ltr'><strong>jam</strong></span> <span class='ocrx_word' id='word_1_310' title='bbox 2590 3581 2641 3630; x_wconf 80' lang='lat' dir='ltr'><strong>S.</strong></span> 
     </span>
     <span class='ocr_line' id='line_1_36' title="bbox 235 3662 2642 3753; baseline -0 -26"><span class='ocrx_word' id='word_1_311' title='bbox 235 3668 431 3730; x_wconf 88' lang='lat' dir='ltr'><strong>auctor</strong></span> <span class='ocrx_word' id='word_1_312' title='bbox 498 3669 724 3732; x_wconf 84' lang='lat' dir='ltr'><strong>transit</strong></span> <span class='ocrx_word' id='word_1_313' title='bbox 793 3668 874 3733; x_wconf 90' lang='lat' dir='ltr'><strong>ad</strong></span> <span class='ocrx_word' id='word_1_314' title='bbox 954 3667 1344 3753; x_wconf 90' lang='lat' dir='ltr'><strong>probandum</strong></span> <span class='ocrx_word' id='word_1_315' title='bbox 1421 3686 1492 3731; x_wconf 84' lang='lat' dir='ltr'><strong>ex</strong></span> <span class='ocrx_word' id='word_1_316' title='bbox 1557 3667 1826 3750; x_wconf 87' lang='lat' dir='ltr'><strong>allegato</strong></span> <span class='ocrx_word' id='word_1_317' title='bbox 1915 3665 2255 3748; x_wconf 82' lang='lat' dir='ltr'><strong>scripturae</strong></span> <span class='ocrx_word' id='word_1_318' title='bbox 2321 3662 2503 3728; x_wconf 89' lang='lat' dir='ltr'><strong>effato</strong></span> <span class='ocrx_word' id='word_1_319' title='bbox 2566 3662 2642 3726; x_wconf 87' lang='lat' dir='ltr'><strong>de</strong></span> 
     </span>
     <span class='ocr_line' id='line_1_37' title="bbox 235 3755 2640 3854; baseline 0 -27"><span class='ocrx_word' id='word_1_320' title='bbox 235 3763 336 3830; x_wconf 88' lang='lat' dir='ltr'><strong>Ab</strong></span> <span class='ocrx_word' id='word_1_321' title='bbox 354 3770 492 3835; x_wconf 89' lang='lat' dir='ltr'><strong>rah</strong></span> <span class='ocrx_word' id='word_1_322' title='bbox 514 3788 551 3835; x_wconf 95' lang='lat' dir='ltr'><strong>a</strong></span> <span class='ocrx_word' id='word_1_323' title='bbox 569 3788 633 3834; x_wconf 92' lang='lat' dir='ltr'><strong>m</strong></span> <span class='ocrx_word' id='word_1_324' title='bbox 651 3787 688 3834; x_wconf 93' lang='lat' dir='ltr'><strong>o</strong></span> <span class='ocrx_word' id='word_1_325' title='bbox 707 3820 722 3850; x_wconf 94' lang='lat'><strong>,</strong></span> <span class='ocrx_word' id='word_1_326' title='bbox 789 3769 1019 3854; x_wconf 88' lang='lat' dir='ltr'><strong>pariter</strong></span> <span class='ocrx_word' id='word_1_327' title='bbox 1061 3787 1174 3834; x_wconf 90' lang='lat' dir='ltr'><strong>nec</strong></span> <span class='ocrx_word' id='word_1_328' title='bbox 1218 3788 1257 3834; x_wconf 92' lang='lat' dir='ltr'><strong>a</strong></span> <span class='ocrx_word' id='word_1_329' title='bbox 1299 3755 1767 3833; x_wconf 84' lang='lat' dir='ltr'><strong>circumcisione</strong></span> <span class='ocrx_word' id='word_1_330' title='bbox 1809 3768 2074 3851; x_wconf 89' lang='lat' dir='ltr'><strong>pendere</strong></span> <span class='ocrx_word' id='word_1_331' title='bbox 2112 3764 2640 3849; x_wconf 88' lang='lat' dir='ltr'><strong>justificationem.</strong></span> 
     </span>
     <span class='ocr_line' id='line_1_38' title="bbox 237 3861 2640 3953; baseline -0.003 -21"><span class='ocrx_word' id='word_1_332' title='bbox 237 3862 372 3932; x_wconf 90' lang='lat' dir='ltr'><strong>Post</strong></span> <span class='ocrx_word' id='word_1_333' title='bbox 413 3871 728 3953; x_wconf 76' lang='grc' dir='ltr'><strong><em>περιτομήν</em></strong></span> <span class='ocrx_word' id='word_1_334' title='bbox 775 3873 984 3935; x_wconf 87' lang='lat' dir='ltr'><strong>mente</strong></span> <span class='ocrx_word' id='word_1_335' title='bbox 1029 3869 1308 3935; x_wconf 88' lang='lat' dir='ltr'><strong>addenda</strong></span> <span class='ocrx_word' id='word_1_336' title='bbox 1351 3870 1444 3933; x_wconf 90' lang='lat' dir='ltr'><strong>est</strong></span> <span class='ocrx_word' id='word_1_337' title='bbox 1487 3888 1597 3934; x_wconf 85' lang='lat' dir='ltr'><strong>vox</strong></span> <span class='ocrx_word' id='word_1_338' title='bbox 1639 3865 1799 3944; x_wconf 77' lang='grc' dir='ltr'><strong><em>ἐστι’,</em></strong></span> <span class='ocrx_word' id='word_1_339' title='bbox 1842 3869 1941 3934; x_wconf 86' lang='lat' dir='ltr'><strong>vel</strong></span> <span class='ocrx_word' id='word_1_340' title='bbox 1983 3871 2222 3948; x_wconf 68' lang='grc' dir='ltr'><strong><em>γίνεται,</em></strong></span> <span class='ocrx_word' id='word_1_341' title='bbox 2266 3867 2361 3932; x_wconf 84' lang='lat' dir='ltr'><strong>vel</strong></span> <span class='ocrx_word' id='word_1_342' title='bbox 2404 3861 2640 3946; x_wconf 73' lang='grc' dir='ltr'><strong>λέγεται.</strong></span> 
     </span>
     <span class='ocr_line' id='line_1_39' title="bbox 239 3967 2641 4058; baseline -0.004 -22"><span class='ocrx_word' id='word_1_343' title='bbox 239 3999 307 4014; x_wconf 88' lang='grc'><strong>--</strong></span> <span class='ocrx_word' id='word_1_344' title='bbox 351 3971 676 4048; x_wconf 78' lang='lat' dir='ltr'><strong>„Dicimus</strong></span> <span class='ocrx_word' id='word_1_345' title='bbox 716 3972 894 4050; x_wconf 77' lang='lat' dir='ltr'><strong>enim,</strong></span> <span class='ocrx_word' id='word_1_346' title='bbox 944 3972 1309 4058; x_wconf 75' lang='lat' dir='ltr'><strong>imputatam</strong></span> <span class='ocrx_word' id='word_1_347' title='bbox 1351 3991 1473 4034; x_wconf 82' lang='lat' dir='ltr'><strong>esse</strong></span> <span class='ocrx_word' id='word_1_348' title='bbox 1513 3969 1871 4035; x_wconf 78' lang='lat' dir='ltr'><strong>Abrahamo</strong></span> <span class='ocrx_word' id='word_1_349' title='bbox 1893 3967 2093 4053; x_wconf 77' lang='lat' dir='ltr'><strong>fldem</strong></span> <span class='ocrx_word' id='word_1_350' title='bbox 2135 3967 2225 4032; x_wconf 79' lang='lat' dir='ltr'><strong>ad</strong></span> <span class='ocrx_word' id='word_1_351' title='bbox 2250 3967 2607 4056; x_wconf 79' lang='lat' dir='ltr'><strong>justitiam“</strong></span> <span class='ocrx_word' id='word_1_352' title='bbox 2618 3987 2641 4045; x_wconf 90' lang='lat'><em>;</em></span> 
     </span>
     <span class='ocr_line' id='line_1_40' title="bbox 237 4065 2642 4157; baseline 0.001 -29"><span class='ocrx_word' id='word_1_353' title='bbox 237 4065 272 4130; x_wconf 91' lang='lat' dir='ltr'><strong>i.</strong></span> <span class='ocrx_word' id='word_1_354' title='bbox 314 4089 360 4134; x_wconf 93' lang='lat' dir='ltr'><strong>e.</strong></span> <span class='ocrx_word' id='word_1_355' title='bbox 403 4074 587 4157; x_wconf 88' lang='lat' dir='ltr'><strong>paulo</strong></span> <span class='ocrx_word' id='word_1_356' title='bbox 644 4073 787 4138; x_wconf 88' lang='lat' dir='ltr'><strong>ante</strong></span> <span class='ocrx_word' id='word_1_357' title='bbox 823 4072 960 4156; x_wconf 90' lang='lat' dir='ltr'><strong>jam</strong></span> <span class='ocrx_word' id='word_1_358' title='bbox 1005 4073 1273 4137; x_wconf 84' lang='lat' dir='ltr'><strong>diximus</strong></span> <span class='ocrx_word' id='word_1_359' title='bbox 1319 4072 1472 4155; x_wconf 89' lang='lat' dir='ltr'><strong>ipsis</strong></span> <span class='ocrx_word' id='word_1_360' title='bbox 1515 4072 1852 4156; x_wconf 88' lang='lat' dir='ltr'><strong>scripturae</strong></span> <span class='ocrx_word' id='word_1_361' title='bbox 1894 4069 2101 4134; x_wconf 83' lang='lat' dir='ltr'><strong>verbis</strong></span> <span class='ocrx_word' id='word_1_362' title='bbox 2147 4067 2230 4151; x_wconf 85' lang='lat' dir='ltr'><strong>(v.</strong></span> <span class='ocrx_word' id='word_1_363' title='bbox 2282 4066 2392 4150; x_wconf 86' lang='lat'><strong>3.)‚</strong></span> <span class='ocrx_word' id='word_1_364' title='bbox 2439 4065 2642 4130; x_wconf 91' lang='lat' dir='ltr'><strong>Abra-</strong></span> 
     </span>
     <span class='ocr_line' id='line_1_41' title="bbox 237 4164 2643 4259; baseline -0.001 -27"><span class='ocrx_word' id='word_1_365' title='bbox 237 4165 407 4238; x_wconf 88' lang='lat' dir='ltr'><strong>hamo</strong></span> <span class='ocrx_word' id='word_1_366' title='bbox 482 4173 671 4239; x_wconf 89' lang='lat' dir='ltr'><strong>fidem</strong></span> <span class='ocrx_word' id='word_1_367' title='bbox 748 4174 1098 4259; x_wconf 87' lang='lat' dir='ltr'><strong>reputatam</strong></span> <span class='ocrx_word' id='word_1_368' title='bbox 1170 4173 1364 4258; x_wconf 84' lang='lat' dir='ltr'><strong>fuisse</strong></span> <span class='ocrx_word' id='word_1_369' title='bbox 1429 4173 1509 4238; x_wconf 88' lang='lat' dir='ltr'><strong>ad</strong></span> <span class='ocrx_word' id='word_1_370' title='bbox 1571 4173 1903 4258; x_wconf 72' lang='lat' dir='ltr'><strong>Justitiam.</strong></span> <span class='ocrx_word' id='word_1_371' title='bbox 1996 4169 2308 4236; x_wconf 87' lang='lat' dir='ltr'><strong>Particula</strong></span> <span class='ocrx_word' id='word_1_372' title='bbox 2374 4164 2483 4248; x_wconf 77' lang='grc' dir='ltr'><strong>γὰρ</strong></span> <span class='ocrx_word' id='word_1_373' title='bbox 2550 4168 2643 4230; x_wconf 89' lang='lat' dir='ltr'><strong>est</strong></span> 
     </span>
     <span class='ocr_line' id='line_1_42' title="bbox 239 4266 1170 4360; baseline 0.006 -27"><span class='ocrx_word' id='word_1_374' title='bbox 239 4266 295 4335; x_wconf 91' lang='lat' dir='ltr'><strong>h.</strong></span> <span class='ocrx_word' id='word_1_375' title='bbox 333 4273 371 4338; x_wconf 92' lang='grc'><strong>1.</strong></span> <span class='ocrx_word' id='word_1_376' title='bbox 417 4275 820 4360; x_wconf 74' lang='lat' dir='ltr'><strong>explicativa:</strong></span> <span class='ocrx_word' id='word_1_377' title='bbox 863 4293 1170 4359; x_wconf 86' lang='lat' dir='ltr'><strong>nempe.</strong></span> 
     </span>
    </p>
   </div>
   <div class='ocr_carea' id='block_1_4' title="bbox 441 4491 1176 4564">
    <p class='ocr_par' dir='ltr' id='par_1_7' title="bbox 441 4491 1176 4564">
     <span class='ocr_line' id='line_1_43' title="bbox 441 4491 1176 4564; baseline -0.007 -16"><span class='ocrx_word' id='word_1_378' title='bbox 441 4491 476 4564; x_wconf 82' lang='lat'><strong>¹)</strong></span> <span class='ocrx_word' id='word_1_379' title='bbox 511 4491 595 4548; x_wconf 83' lang='lat' dir='ltr'><strong>cf.</strong></span> <span class='ocrx_word' id='word_1_380' title='bbox 631 4491 867 4548; x_wconf 76' lang='lat' dir='ltr'><strong>Roithm.</strong></span> <span class='ocrx_word' id='word_1_381' title='bbox 905 4491 1020 4546; x_wconf 81' lang='lat'><strong>190.</strong></span> <span class='ocrx_word' id='word_1_382' title='bbox 1059 4491 1176 4544; x_wconf 85' lang='lat'><strong>191.</strong></span> 
     </span>
    </p>
   </div>
   <div class='ocr_carea' id='block_1_5' title="bbox 3167 101 3177 756">
    <p class='ocr_par' dir='ltr' id='par_1_8' title="bbox 3167 101 3177 756">
     <span class='ocr_line' id='line_1_44' title="bbox 3167 101 3177 756; baseline 0 0"><span class='ocrx_word' id='word_1_383' title='bbox 3167 101 3177 756; x_wconf 95' lang='lat' dir='ltr'><strong> </strong></span> 
     </span>
    </p>
   </div>
  </div>
 </body>
</html>
