<?xml version="1.0" encoding="UTF-8"?>
<!DOCTYPE html PUBLIC "-//W3C//DTD XHTML 1.0 Transitional//EN"
    "http://www.w3.org/TR/xhtml1/DTD/xhtml1-transitional.dtd">
<html xmlns="http://www.w3.org/1999/xhtml" xml:lang="en" lang="en">
 <head>
  <title>
</title>
<meta http-equiv="Content-Type" content="text/html;charset=utf-8" />
  <meta name='ocr-system' content='tesseract 3.04.00' />
  <meta name='ocr-capabilities' content='ocr_page ocr_carea ocr_par ocr_line ocrx_word'/>
</head>
<body>
  <div class='ocr_page' id='page_1' title='image "./commentariusine00klofgoog_0130.png"; bbox 0 0 3234 4992; ppageno 0'>
   <div class='ocr_carea' id='block_1_1' title="bbox 2623 0 2930 44">
    <p class='ocr_par' dir='ltr' id='par_1_1' title="bbox 2623 0 2930 44">
     <span class='ocr_line' id='line_1_1' title="bbox 2623 0 2930 44; baseline -0.023 -27"><span class='ocrx_word' id='word_1_1' title='bbox 2623 0 2634 8; x_wconf 80' lang='lat'><strong>&#39;¹</strong></span> <span class='ocrx_word' id='word_1_2' title='bbox 2743 0 2930 44; x_wconf 39' lang='grc' dir='ltr'><strong>’Ἰτγι</strong></span> 
     </span>
    </p>
   </div>
   <div class='ocr_carea' id='block_1_2' title="bbox 611 204 2041 275">
    <p class='ocr_par' dir='ltr' id='par_1_2' title="bbox 611 204 2041 275">
     <span class='ocr_line' id='line_1_2' title="bbox 611 204 2041 275; baseline -0.015 -4"><span class='ocrx_word' id='word_1_3' title='bbox 611 211 731 275; x_wconf 63' lang='lat' dir='ltr'><strong>12ss</strong></span> <span class='ocrx_word' id='word_1_4' title='bbox 1609 207 1719 260; x_wconf 65' lang='lat' dir='ltr'><strong>Cap.</strong></span> <span class='ocrx_word' id='word_1_5' title='bbox 1746 204 1873 251; x_wconf 79' lang='lat' dir='ltr'><strong>vm.</strong></span> <span class='ocrx_word' id='word_1_6' title='bbox 1904 221 1948 251; x_wconf 79' lang='lat' dir='ltr'><strong>v.</strong></span> <span class='ocrx_word' id='word_1_7' title='bbox 1976 210 2041 251; x_wconf 77' lang='lat'><strong>15.</strong></span> 
     </span>
    </p>
   </div>
   <div class='ocr_carea' id='block_1_3' title="bbox 574 394 3026 4531">
    <p class='ocr_par' dir='ltr' id='par_1_3' title="bbox 595 394 3026 1795">
     <span class='ocr_line' id='line_1_3' title="bbox 607 394 3018 479; baseline -0.001 -20"><span class='ocrx_word' id='word_1_8' title='bbox 607 399 907 459; x_wconf 76' lang='lat' dir='ltr'><strong>Hieron</strong></span> <span class='ocrx_word' id='word_1_9' title='bbox 931 415 1108 479; x_wconf 62' lang='lat' dir='ltr'><strong>Jmu</strong></span> <span class='ocrx_word' id='word_1_10' title='bbox 1129 415 1184 475; x_wconf 92' lang='lat' dir='ltr'><strong>s,</strong></span> <span class='ocrx_word' id='word_1_11' title='bbox 1252 395 1441 460; x_wconf 88' lang='lat' dir='ltr'><strong>habet</strong></span> <span class='ocrx_word' id='word_1_12' title='bbox 1482 395 1688 461; x_wconf 84' lang='lat' dir='ltr'><strong>Filius</strong></span> <span class='ocrx_word' id='word_1_13' title='bbox 1733 397 1799 464; x_wconf 89' lang='lat' dir='ltr'><strong>in</strong></span> <span class='ocrx_word' id='word_1_14' title='bbox 1841 397 2063 477; x_wconf 90' lang='lat' dir='ltr'><strong>Patre,</strong></span> <span class='ocrx_word' id='word_1_15' title='bbox 2116 396 2305 461; x_wconf 90' lang='lat' dir='ltr'><strong>Pater</strong></span> <span class='ocrx_word' id='word_1_16' title='bbox 2346 396 2411 459; x_wconf 98' lang='grc'><strong>111</strong></span> <span class='ocrx_word' id='word_1_17' title='bbox 2454 394 2649 472; x_wconf 78' lang='lat' dir='ltr'><strong>Fili03</strong></span> <span class='ocrx_word' id='word_1_18' title='bbox 2711 413 2828 459; x_wconf 89' lang='lat' dir='ltr'><strong>seu</strong></span> <span class='ocrx_word' id='word_1_19' title='bbox 2878 394 3018 457; x_wconf 87' lang='lat' dir='ltr'><strong>aliis</strong></span> 
     </span>
     <span class='ocr_line' id='line_1_4' title="bbox 607 495 3022 582; baseline -0.002 -19"><span class='ocrx_word' id='word_1_20' title='bbox 607 499 835 563; x_wconf 69' lang='lat' dir='ltr'><strong>verbis:</strong></span> <span class='ocrx_word' id='word_1_21' title='bbox 903 495 1166 579; x_wconf 74' lang='lat' dir='ltr'><strong>Spiritus</strong></span> <span class='ocrx_word' id='word_1_22' title='bbox 1213 498 1482 578; x_wconf 87' lang='lat' dir='ltr'><strong>sanctus,</strong></span> <span class='ocrx_word' id='word_1_23' title='bbox 1541 499 1648 582; x_wconf 89' lang='lat' dir='ltr'><strong>qui</strong></span> <span class='ocrx_word' id='word_1_24' title='bbox 1692 504 1788 565; x_wconf 87' lang='lat' dir='ltr'><strong>est</strong></span> <span class='ocrx_word' id='word_1_25' title='bbox 1830 498 2153 564; x_wconf 84' lang='lat' dir='ltr'><strong>charitatis</strong></span> <span class='ocrx_word' id='word_1_26' title='bbox 2198 497 2515 562; x_wconf 82' lang='lat' dir='ltr'><strong>vinculum</strong></span> <span class='ocrx_word' id='word_1_27' title='bbox 2561 496 2723 561; x_wconf 90' lang='lat' dir='ltr'><strong>inter</strong></span> <span class='ocrx_word' id='word_1_28' title='bbox 2770 496 3022 560; x_wconf 89' lang='lat' dir='ltr'><strong>Patrem</strong></span> 
     </span>
     <span class='ocr_line' id='line_1_5' title="bbox 607 596 3024 675; baseline -0.002 -12"><span class='ocrx_word' id='word_1_29' title='bbox 607 607 671 663; x_wconf 74' lang='lat' dir='ltr'><strong>et</strong></span> <span class='ocrx_word' id='word_1_30' title='bbox 699 599 951 675; x_wconf 78' lang='lat' dir='ltr'><strong>Filium,</strong></span> <span class='ocrx_word' id='word_1_31' title='bbox 999 603 1091 663; x_wconf 77' lang='lat' dir='ltr'><strong>est</strong></span> <span class='ocrx_word' id='word_1_32' title='bbox 1136 598 1326 663; x_wconf 87' lang='lat' dir='ltr'><strong>etiam</strong></span> <span class='ocrx_word' id='word_1_33' title='bbox 1370 599 1695 666; x_wconf 65' lang='lat' dir='ltr'>charitaatis</span> <span class='ocrx_word' id='word_1_34' title='bbox 1743 599 2060 665; x_wconf 82' lang='lat' dir='ltr'><strong>vinculum</strong></span> <span class='ocrx_word' id='word_1_35' title='bbox 2104 599 2267 663; x_wconf 88' lang='lat' dir='ltr'><strong>inter</strong></span> <span class='ocrx_word' id='word_1_36' title='bbox 2294 598 2543 663; x_wconf 86' lang='lat' dir='ltr'><strong>Patrem</strong></span> <span class='ocrx_word' id='word_1_37' title='bbox 2592 602 2653 661; x_wconf 93' lang='lat' dir='ltr'><strong>et</strong></span> <span class='ocrx_word' id='word_1_38' title='bbox 2696 596 3024 664; x_wconf 78' lang='lat' dir='ltr'><strong>hominem</strong></span> 
     </span>
     <span class='ocr_line' id='line_1_6' title="bbox 603 698 3025 784; baseline -0.001 -21"><span class='ocrx_word' id='word_1_39' title='bbox 603 703 995 783; x_wconf 74' lang='lat' dir='ltr'><strong>redemptum</strong></span> <span class='ocrx_word' id='word_1_40' title='bbox 1027 719 1134 783; x_wconf 77' lang='lat' dir='ltr'><strong>per</strong></span> <span class='ocrx_word' id='word_1_41' title='bbox 1163 699 1410 765; x_wconf 90' lang='lat' dir='ltr'><strong>Filium.</strong></span> <span class='ocrx_word' id='word_1_42' title='bbox 1482 700 1646 765; x_wconf 87' lang='lat' dir='ltr'><strong>Tum</strong></span> <span class='ocrx_word' id='word_1_43' title='bbox 1680 701 1900 778; x_wconf 90' lang='lat' dir='ltr'><strong>solum,</strong></span> <span class='ocrx_word' id='word_1_44' title='bbox 1948 700 2001 764; x_wconf 89' lang='lat' dir='ltr'><strong>si</strong></span> <span class='ocrx_word' id='word_1_45' title='bbox 2034 698 2304 784; x_wconf 89' lang='lat' dir='ltr'><strong>Spiritus</strong></span> <span class='ocrx_word' id='word_1_46' title='bbox 2351 702 2605 764; x_wconf 89' lang='lat' dir='ltr'><strong>sanctus</strong></span> <span class='ocrx_word' id='word_1_47' title='bbox 2650 699 3025 764; x_wconf 87' lang='lat' dir='ltr'><strong>substan-</strong></span> 
     </span>
     <span class='ocr_line' id='line_1_7' title="bbox 603 800 3025 885; baseline -0.002 -18"><span class='ocrx_word' id='word_1_48' title='bbox 603 803 891 867; x_wconf 78' lang='lat' dir='ltr'><strong>tialite</strong></span> <span class='ocrx_word' id='word_1_49' title='bbox 911 823 939 863; x_wconf 91' lang='lat' dir='ltr'><strong>r</strong></span> <span class='ocrx_word' id='word_1_50' title='bbox 995 803 1124 883; x_wconf 77' lang='lat' dir='ltr'><strong>[per</strong></span> <span class='ocrx_word' id='word_1_51' title='bbox 1183 820 1361 865; x_wconf 89' lang='lat' dir='ltr'><strong>suam</strong></span> <span class='ocrx_word' id='word_1_52' title='bbox 1422 805 1710 867; x_wconf 89' lang='lat' dir='ltr'><strong>naturam</strong></span> <span class='ocrx_word' id='word_1_53' title='bbox 1756 802 2056 885; x_wconf 88' lang='lat' dir='ltr'><strong>divinam)</strong></span> <span class='ocrx_word' id='word_1_54' title='bbox 2103 802 2170 867; x_wconf 90' lang='lat' dir='ltr'><strong>in</strong></span> <span class='ocrx_word' id='word_1_55' title='bbox 2228 801 2406 866; x_wconf 90' lang='lat' dir='ltr'><strong>nobis</strong></span> <span class='ocrx_word' id='word_1_56' title='bbox 2465 800 2745 878; x_wconf 88' lang='lat' dir='ltr'><strong>habitat,</strong></span> <span class='ocrx_word' id='word_1_57' title='bbox 2815 818 3025 864; x_wconf 86' lang='lat' dir='ltr'><strong>sumus</strong></span> 
     </span>
     <span class='ocr_line' id='line_1_8' title="bbox 607 901 3025 985; baseline -0.001 -18"><span class='ocrx_word' id='word_1_58' title='bbox 607 923 743 967; x_wconf 76' lang='lat' dir='ltr'><strong>rere</strong></span> <span class='ocrx_word' id='word_1_59' title='bbox 783 903 947 967; x_wconf 89' lang='lat' dir='ltr'><strong>filii</strong></span> <span class='ocrx_word' id='word_1_60' title='bbox 987 903 1124 967; x_wconf 77' lang='lat' dir='ltr'><strong>Dei</strong></span> <span class='ocrx_word' id='word_1_61' title='bbox 1162 907 1224 966; x_wconf 90' lang='lat' dir='ltr'><strong>et</strong></span> <span class='ocrx_word' id='word_1_62' title='bbox 1249 903 1469 967; x_wconf 86' lang='lat' dir='ltr'><strong>fratres</strong></span> <span class='ocrx_word' id='word_1_63' title='bbox 1501 902 1748 983; x_wconf 85' lang='lat' dir='ltr'><strong>Christi,</strong></span> <span class='ocrx_word' id='word_1_64' title='bbox 1792 906 2010 985; x_wconf 89' lang='lat' dir='ltr'><strong>utpote</strong></span> <span class='ocrx_word' id='word_1_65' title='bbox 2042 904 2107 966; x_wconf 91' lang='lat' dir='ltr'><strong>in</strong></span> <span class='ocrx_word' id='word_1_66' title='bbox 2132 901 2583 984; x_wconf 84' lang='lat' dir='ltr'><strong>justificatione</strong></span> <span class='ocrx_word' id='word_1_67' title='bbox 2624 904 3025 966; x_wconf 79' lang='lat' dir='ltr'><strong>consortes</strong></span> 
     </span>
     <span class='ocr_line' id='line_1_9' title="bbox 603 1000 3024 1088; baseline -0.003 -17"><span class='ocrx_word' id='word_1_68' title='bbox 603 1007 804 1071; x_wconf 59' lang='lat' dir='ltr'><strong>efferati</strong></span> <span class='ocrx_word' id='word_1_69' title='bbox 827 1007 907 1071; x_wconf 76' lang='lat' dir='ltr'><strong>di</strong></span> <span class='ocrx_word' id='word_1_70' title='bbox 931 1027 959 1067; x_wconf 76' lang='lat' dir='ltr'><strong>r</strong></span> <span class='ocrx_word' id='word_1_71' title='bbox 979 1007 999 1067; x_wconf 96' lang='lat' dir='ltr'><strong>i</strong></span> <span class='ocrx_word' id='word_1_72' title='bbox 1019 1027 1059 1071; x_wconf 82' lang='lat' dir='ltr'><strong>u</strong></span> <span class='ocrx_word' id='word_1_73' title='bbox 1083 1023 1166 1071; x_wconf 76' lang='lat' dir='ltr'><strong>ae</strong></span> <span class='ocrx_word' id='word_1_74' title='bbox 1209 1007 1578 1083; x_wconf 88' lang='lat' dir='ltr'><strong>naturae,</strong></span> <span class='ocrx_word' id='word_1_75' title='bbox 1627 1024 1738 1069; x_wconf 87' lang='lat' dir='ltr'><strong>seu</strong></span> <span class='ocrx_word' id='word_1_76' title='bbox 1777 1003 1895 1087; x_wconf 87' lang='lat' dir='ltr'><strong>(uti</strong></span> <span class='ocrx_word' id='word_1_77' title='bbox 1918 1004 1978 1082; x_wconf 81' lang='lat'><strong>5,</strong></span> <span class='ocrx_word' id='word_1_78' title='bbox 2004 1003 2063 1067; x_wconf 83' lang='lat'><strong>5.</strong></span> <span class='ocrx_word' id='word_1_79' title='bbox 2096 1002 2387 1088; x_wconf 83' lang='lat' dir='ltr'><strong>diximus)</strong></span> <span class='ocrx_word' id='word_1_80' title='bbox 2420 1002 2768 1067; x_wconf 89' lang='lat' dir='ltr'><strong>secundum</strong></span> <span class='ocrx_word' id='word_1_81' title='bbox 2810 1000 3024 1065; x_wconf 86' lang='lat' dir='ltr'><strong>simili-</strong></span> 
     </span>
     <span class='ocr_line' id='line_1_10' title="bbox 599 1102 3026 1188; baseline -0.002 -17"><span class='ocrx_word' id='word_1_82' title='bbox 599 1107 879 1171; x_wconf 76' lang='lat' dir='ltr'><strong>tudinem</strong></span> <span class='ocrx_word' id='word_1_83' title='bbox 931 1106 1241 1187; x_wconf 75' lang='lat' dir='ltr'><strong>quandam</strong></span> <span class='ocrx_word' id='word_1_84' title='bbox 1299 1105 1749 1188; x_wconf 72' lang='lat' dir='ltr'><strong>participantes</strong></span> <span class='ocrx_word' id='word_1_85' title='bbox 1795 1106 2082 1170; x_wconf 88' lang='lat' dir='ltr'><strong>naturam</strong></span> <span class='ocrx_word' id='word_1_86' title='bbox 2128 1105 2422 1169; x_wconf 89' lang='lat' dir='ltr'><strong>divinam.</strong></span> <span class='ocrx_word' id='word_1_87' title='bbox 2515 1103 2695 1184; x_wconf 81' lang='lat' dir='ltr'><strong>Quod</strong></span> <span class='ocrx_word' id='word_1_88' title='bbox 2742 1102 3026 1168; x_wconf 84' lang='lat' dir='ltr'><strong>Christus</strong></span> 
     </span>
     <span class='ocr_line' id='line_1_11' title="bbox 599 1204 3025 1290; baseline -0.002 -19"><span class='ocrx_word' id='word_1_89' title='bbox 599 1215 895 1271; x_wconf 76' lang='lat' dir='ltr'><strong>nutura</strong></span> <span class='ocrx_word' id='word_1_90' title='bbox 943 1215 1091 1287; x_wconf 72' lang='lat' dir='ltr'><strong>erut,</strong></span> <span class='ocrx_word' id='word_1_91' title='bbox 1136 1206 1371 1272; x_wconf 89' lang='lat' dir='ltr'><strong>scilicet</strong></span> <span class='ocrx_word' id='word_1_92' title='bbox 1401 1207 1597 1272; x_wconf 81' lang='lat' dir='ltr'><strong>Filius</strong></span> <span class='ocrx_word' id='word_1_93' title='bbox 1624 1208 1760 1288; x_wconf 91' lang='lat' dir='ltr'><strong>Dei,</strong></span> <span class='ocrx_word' id='word_1_94' title='bbox 1808 1226 2024 1272; x_wconf 86' lang='lat' dir='ltr'><strong>sumus</strong></span> <span class='ocrx_word' id='word_1_95' title='bbox 2068 1224 2180 1271; x_wconf 87' lang='lat' dir='ltr'><strong>nos</strong></span> <span class='ocrx_word' id='word_1_96' title='bbox 2225 1205 2498 1290; x_wconf 88' lang='lat' dir='ltr'><strong>gratia</strong></span> <span class='ocrx_word' id='word_1_97' title='bbox 2541 1204 3025 1288; x_wconf 86' lang='lat' dir='ltr'><strong>adoptionis</strong></span> 
     </span>
     <span class='ocr_line' id='line_1_12' title="bbox 599 1305 3019 1392; baseline -0.002 -17"><span class='ocrx_word' id='word_1_98' title='bbox 599 1331 707 1391; x_wconf 78' lang='lat' dir='ltr'><strong>per</strong></span> <span class='ocrx_word' id='word_1_99' title='bbox 751 1311 1055 1391; x_wconf 76' lang='lat' dir='ltr'><strong>Spiritum</strong></span> <span class='ocrx_word' id='word_1_100' title='bbox 1103 1312 1415 1390; x_wconf 85' lang='lat' dir='ltr'><strong>sanctum,</strong></span> <span class='ocrx_word' id='word_1_101' title='bbox 1485 1309 1590 1392; x_wconf 89' lang='lat' dir='ltr'><strong>qui</strong></span> <span class='ocrx_word' id='word_1_102' title='bbox 1633 1309 1698 1373; x_wconf 91' lang='lat' dir='ltr'><strong>in</strong></span> <span class='ocrx_word' id='word_1_103' title='bbox 1739 1309 2181 1392; x_wconf 89' lang='lat' dir='ltr'><strong>justificatione</strong></span> <span class='ocrx_word' id='word_1_104' title='bbox 2225 1324 2498 1372; x_wconf 90' lang='lat' dir='ltr'><strong>unacum</strong></span> <span class='ocrx_word' id='word_1_105' title='bbox 2541 1307 2747 1391; x_wconf 88' lang='lat' dir='ltr'><strong>gratia</strong></span> <span class='ocrx_word' id='word_1_106' title='bbox 2797 1305 3019 1371; x_wconf 87' lang='lat' dir='ltr'><strong>sancti-</strong></span> 
     </span>
     <span class='ocr_line' id='line_1_13' title="bbox 599 1408 3023 1495; baseline -0.002 -20"><span class='ocrx_word' id='word_1_107' title='bbox 599 1411 819 1475; x_wconf 75' lang='lat' dir='ltr'><strong>liuuute</strong></span> <span class='ocrx_word' id='word_1_108' title='bbox 867 1411 1068 1495; x_wconf 76' lang='lat' dir='ltr'><strong>ipsam</strong></span> <span class='ocrx_word' id='word_1_109' title='bbox 1115 1412 1405 1475; x_wconf 85' lang='lat' dir='ltr'><strong>naturam</strong></span> <span class='ocrx_word' id='word_1_110' title='bbox 1453 1428 1632 1474; x_wconf 86' lang='lat' dir='ltr'><strong>suam</strong></span> <span class='ocrx_word' id='word_1_111' title='bbox 1681 1410 1957 1476; x_wconf 83' lang='lat' dir='ltr'><strong>divinam</strong></span> <span class='ocrx_word' id='word_1_112' title='bbox 2004 1429 2111 1474; x_wconf 86' lang='lat' dir='ltr'><strong>seu</strong></span> <span class='ocrx_word' id='word_1_113' title='bbox 2158 1427 2226 1473; x_wconf 85' lang='lat' dir='ltr'><strong>se</strong></span> <span class='ocrx_word' id='word_1_114' title='bbox 2268 1409 2479 1491; x_wconf 91' lang='lat' dir='ltr'><strong>ipsum</strong></span> <span class='ocrx_word' id='word_1_115' title='bbox 2526 1408 3023 1473; x_wconf 80' lang='lat' dir='ltr'><strong>substantialiter</strong></span> 
     </span>
     <span class='ocr_line' id='line_1_14' title="bbox 595 1507 3021 1595; baseline -0.002 -20"><span class='ocrx_word' id='word_1_116' title='bbox 595 1515 839 1575; x_wconf 70' lang='lat' dir='ltr'><strong>suimus</strong></span> <span class='ocrx_word' id='word_1_117' title='bbox 887 1511 1157 1575; x_wconf 79' lang='lat' dir='ltr'><strong>infundit</strong></span> <span class='ocrx_word' id='word_1_118' title='bbox 1187 1510 1693 1595; x_wconf 80' lang='lat' dir='ltr'><strong>(communicat),</strong></span> <span class='ocrx_word' id='word_1_119' title='bbox 1738 1514 1922 1593; x_wconf 86' lang='lat' dir='ltr'><strong>atque</strong></span> <span class='ocrx_word' id='word_1_120' title='bbox 1960 1512 2075 1576; x_wconf 88' lang='lat' dir='ltr'><strong>hoc</strong></span> <span class='ocrx_word' id='word_1_121' title='bbox 2098 1510 2231 1594; x_wconf 89' lang='lat' dir='ltr'><strong>ipso</strong></span> <span class='ocrx_word' id='word_1_122' title='bbox 2256 1527 2369 1574; x_wconf 89' lang='lat' dir='ltr'><strong>nos</strong></span> <span class='ocrx_word' id='word_1_123' title='bbox 2403 1509 2555 1574; x_wconf 87' lang='lat' dir='ltr'><strong>facit</strong></span> <span class='ocrx_word' id='word_1_124' title='bbox 2597 1507 2855 1573; x_wconf 86' lang='lat' dir='ltr'><strong>filios</strong></span> <span class='ocrx_word' id='word_1_125' title='bbox 2897 1508 3021 1572; x_wconf 88' lang='lat' dir='ltr'><strong>Dei</strong></span> 
     </span>
     <span class='ocr_line' id='line_1_15' title="bbox 595 1609 3017 1696; baseline -0.003 -17"><span class='ocrx_word' id='word_1_126' title='bbox 595 1619 655 1679; x_wconf 77' lang='lat' dir='ltr'><strong>et</strong></span> <span class='ocrx_word' id='word_1_127' title='bbox 691 1615 911 1679; x_wconf 74' lang='lat' dir='ltr'><strong>fratres</strong></span> <span class='ocrx_word' id='word_1_128' title='bbox 951 1611 1196 1676; x_wconf 70' lang='lat' dir='ltr'><strong>Ghristi.</strong></span> <span class='ocrx_word' id='word_1_129' title='bbox 1264 1611 1407 1677; x_wconf 89' lang='lat' dir='ltr'><strong>Ideo</strong></span> <span class='ocrx_word' id='word_1_130' title='bbox 1447 1612 1637 1677; x_wconf 89' lang='lat' dir='ltr'><strong>etiam</strong></span> <span class='ocrx_word' id='word_1_131' title='bbox 1667 1613 1831 1677; x_wconf 86' lang='lat' dir='ltr'><strong>hunc</strong></span> <span class='ocrx_word' id='word_1_132' title='bbox 1863 1611 2167 1696; x_wconf 84' lang='lat' dir='ltr'><strong>Spiritum</strong></span> <span class='ocrx_word' id='word_1_133' title='bbox 2202 1615 2483 1677; x_wconf 87' lang='lat' dir='ltr'><strong>sanctum</strong></span> <span class='ocrx_word' id='word_1_134' title='bbox 2517 1628 2704 1676; x_wconf 85' lang='lat' dir='ltr'><strong>versu</strong></span> <span class='ocrx_word' id='word_1_135' title='bbox 2737 1609 3017 1692; x_wconf 85' lang='lat' dir='ltr'><strong>sequenti</strong></span> 
     </span>
     <span class='ocr_line' id='line_1_16' title="bbox 595 1714 1375 1795; baseline -0.009 -15"><span class='ocrx_word' id='word_1_136' title='bbox 595 1715 747 1779; x_wconf 72' lang='lat' dir='ltr'><strong>djflit</strong></span> <span class='ocrx_word' id='word_1_137' title='bbox 787 1719 1007 1795; x_wconf 62' lang='grc' dir='ltr'><strong>πνεῦμα</strong></span> <span class='ocrx_word' id='word_1_138' title='bbox 1051 1714 1375 1783; x_wconf 58' lang='grc' dir='ltr'><strong>ιιιιὲοιίὶεεσιίκς.</strong></span> 
     </span>
    </p>

    <p class='ocr_par' dir='ltr' id='par_1_4' title="bbox 574 1810 3016 4531">
     <span class='ocr_line' id='line_1_17' title="bbox 803 1810 3016 1899; baseline -0.002 -20"><span class='ocrx_word' id='word_1_139' title='bbox 803 1815 879 1879; x_wconf 66' lang='lat' dir='ltr'><strong>V.</strong></span> <span class='ocrx_word' id='word_1_140' title='bbox 943 1815 1039 1879; x_wconf 78' lang='lat'><strong>15.</strong></span> <span class='ocrx_word' id='word_1_141' title='bbox 1103 1816 1298 1894; x_wconf 77' lang='lat' dir='ltr'><strong>„Non</strong></span> <span class='ocrx_word' id='word_1_142' title='bbox 1354 1815 1513 1878; x_wconf 77' lang='lat' dir='ltr'><strong>enim</strong></span> <span class='ocrx_word' id='word_1_143' title='bbox 1566 1815 1881 1899; x_wconf 70' lang='lat' dir='ltr'><strong>accepisti-3</strong></span> <span class='ocrx_word' id='word_1_144' title='bbox 1945 1813 2248 1899; x_wconf 74' lang='lat' dir='ltr'><strong>Spiritum</strong></span> <span class='ocrx_word' id='word_1_145' title='bbox 2305 1813 2611 1877; x_wconf 71' lang='lat' dir='ltr'><strong>servitutis</strong></span> <span class='ocrx_word' id='word_1_146' title='bbox 2674 1813 2901 1876; x_wconf 79' lang='lat' dir='ltr'><strong>iterum</strong></span> <span class='ocrx_word' id='word_1_147' title='bbox 2941 1810 3016 1874; x_wconf 83' lang='lat' dir='ltr'><strong>ad</strong></span> 
     </span>
     <span class='ocr_line' id='line_1_18' title="bbox 595 1912 3014 2001; baseline -0.002 -22"><span class='ocrx_word' id='word_1_148' title='bbox 595 1919 863 1979; x_wconf 66' lang='lat' dir='ltr'><strong>timorem</strong></span> <span class='ocrx_word' id='word_1_149' title='bbox 879 1963 895 1995; x_wconf 62' lang='lat' dir='ltr'><strong>j</strong></span> <span class='ocrx_word' id='word_1_150' title='bbox 963 1915 1067 1979; x_wconf 63' lang='lat' dir='ltr'><strong>ret!</strong></span> <span class='ocrx_word' id='word_1_151' title='bbox 1130 1916 1443 2001; x_wconf 69' lang='lat' dir='ltr'><strong>accepistis</strong></span> <span class='ocrx_word' id='word_1_152' title='bbox 1507 1913 1813 2000; x_wconf 77' lang='lat' dir='ltr'><strong>Spiritum</strong></span> <span class='ocrx_word' id='word_1_153' title='bbox 1879 1914 2229 2000; x_wconf 76' lang='lat' dir='ltr'><strong>adoptionis</strong></span> <span class='ocrx_word' id='word_1_154' title='bbox 2246 1963 2267 1994; x_wconf 91' lang='lat'><strong>,</strong></span> <span class='ocrx_word' id='word_1_155' title='bbox 2330 1915 2398 1978; x_wconf 79' lang='lat' dir='ltr'><strong>in</strong></span> <span class='ocrx_word' id='word_1_156' title='bbox 2463 1936 2579 1999; x_wconf 78' lang='lat' dir='ltr'><strong>quo</strong></span> <span class='ocrx_word' id='word_1_157' title='bbox 2644 1912 3014 1977; x_wconf 82' lang='lat' dir='ltr'><strong>clamamus:</strong></span> 
     </span>
     <span class='ocr_line' id='line_1_19' title="bbox 591 2014 3012 2103; baseline -0.001 -24"><span class='ocrx_word' id='word_1_158' title='bbox 591 2019 791 2095; x_wconf 62' lang='lat' dir='ltr'><strong>Abba,</strong></span> <span class='ocrx_word' id='word_1_159' title='bbox 859 2043 891 2083; x_wconf 74' lang='lat' dir='ltr'><strong>u</strong></span> <span class='ocrx_word' id='word_1_160' title='bbox 951 2022 1214 2103; x_wconf 55' lang='lat' dir='ltr'><strong>putenm</strong></span> <span class='ocrx_word' id='word_1_161' title='bbox 1315 2016 1374 2083; x_wconf 88' lang='lat' dir='ltr'><strong>S.</strong></span> <span class='ocrx_word' id='word_1_162' title='bbox 1447 2017 1762 2101; x_wconf 86' lang='lat' dir='ltr'><strong>apostolus</strong></span> <span class='ocrx_word' id='word_1_163' title='bbox 1826 2035 1991 2081; x_wconf 88' lang='lat' dir='ltr'><strong>nunc</strong></span> <span class='ocrx_word' id='word_1_164' title='bbox 2052 2017 2379 2099; x_wconf 87' lang='lat' dir='ltr'><strong>probat,</strong></span> <span class='ocrx_word' id='word_1_165' title='bbox 2445 2014 2823 2081; x_wconf 88' lang='lat' dir='ltr'><strong>christianos</strong></span> <span class='ocrx_word' id='word_1_166' title='bbox 2890 2032 3012 2078; x_wconf 85' lang='lat' dir='ltr'><strong>esse</strong></span> 
     </span>
     <span class='ocr_line' id='line_1_20' title="bbox 591 2115 3011 2201; baseline -0.002 -18"><span class='ocrx_word' id='word_1_167' title='bbox 591 2119 831 2183; x_wconf 79' lang='lat' dir='ltr'><strong>filius</strong></span> <span class='ocrx_word' id='word_1_168' title='bbox 875 2119 1051 2199; x_wconf 76' lang='lat' dir='ltr'><strong>Dei,</strong></span> <span class='ocrx_word' id='word_1_169' title='bbox 1114 2122 1177 2183; x_wconf 83' lang='lat' dir='ltr'><strong>et</strong></span> <span class='ocrx_word' id='word_1_170' title='bbox 1239 2117 1487 2201; x_wconf 87' lang='lat' dir='ltr'><strong>quidem</strong></span> <span class='ocrx_word' id='word_1_171' title='bbox 1533 2138 1605 2183; x_wconf 85' lang='lat' dir='ltr'><strong>ex</strong></span> <span class='ocrx_word' id='word_1_172' title='bbox 1650 2136 1738 2195; x_wconf 90' lang='lat' dir='ltr'><strong>eo,</strong></span> <span class='ocrx_word' id='word_1_173' title='bbox 1798 2118 1943 2199; x_wconf 88' lang='lat' dir='ltr'><strong>quia</strong></span> <span class='ocrx_word' id='word_1_174' title='bbox 2002 2117 2325 2182; x_wconf 86' lang='lat' dir='ltr'><strong>christiani</strong></span> <span class='ocrx_word' id='word_1_175' title='bbox 2390 2116 2554 2201; x_wconf 89' lang='lat' dir='ltr'><strong>(scil.</strong></span> <span class='ocrx_word' id='word_1_176' title='bbox 2600 2116 2853 2200; x_wconf 89' lang='lat' dir='ltr'><strong>adulti),</strong></span> <span class='ocrx_word' id='word_1_177' title='bbox 2920 2115 3011 2197; x_wconf 89' lang='lat' dir='ltr'><strong>qui</strong></span> 
     </span>
     <span class='ocr_line' id='line_1_21' title="bbox 591 2218 3012 2303; baseline -0.001 -20"><span class='ocrx_word' id='word_1_178' title='bbox 591 2223 895 2303; x_wconf 74' lang='lat' dir='ltr'><strong>Spiritum</strong></span> <span class='ocrx_word' id='word_1_179' title='bbox 959 2222 1240 2284; x_wconf 71' lang='lat' dir='ltr'><strong>sunctum</strong></span> <span class='ocrx_word' id='word_1_180' title='bbox 1299 2218 1365 2283; x_wconf 87' lang='lat' dir='ltr'><strong>in</strong></span> <span class='ocrx_word' id='word_1_181' title='bbox 1425 2219 1738 2302; x_wconf 85' lang='lat' dir='ltr'><strong>baptismo</strong></span> <span class='ocrx_word' id='word_1_182' title='bbox 1800 2222 2185 2301; x_wconf 87' lang='lat' dir='ltr'><strong>acceperunt,</strong></span> <span class='ocrx_word' id='word_1_183' title='bbox 2251 2218 2373 2283; x_wconf 89' lang='lat' dir='ltr'><strong>sibi</strong></span> <span class='ocrx_word' id='word_1_184' title='bbox 2435 2218 2668 2284; x_wconf 88' lang='lat' dir='ltr'><strong>conscii</strong></span> <span class='ocrx_word' id='word_1_185' title='bbox 2729 2219 2898 2296; x_wconf 87' lang='lat' dir='ltr'><strong>sunt,</strong></span> <span class='ocrx_word' id='word_1_186' title='bbox 2956 2235 3012 2281; x_wconf 89' lang='lat' dir='ltr'><strong>se</strong></span> 
     </span>
     <span class='ocr_line' id='line_1_22' title="bbox 595 2308 3006 2403; baseline -0.003 -16"><span class='ocrx_word' id='word_1_187' title='bbox 595 2323 907 2403; x_wconf 74' lang='lat' dir='ltr'><strong>accepisse</strong></span> <span class='ocrx_word' id='word_1_188' title='bbox 955 2339 1075 2383; x_wconf 83' lang='lat' dir='ltr'><strong>uun</strong></span> <span class='ocrx_word' id='word_1_189' title='bbox 1122 2319 1420 2403; x_wconf 88' lang='lat' dir='ltr'><strong>Spiritum</strong></span> <span class='ocrx_word' id='word_1_190' title='bbox 1467 2320 1945 2397; x_wconf 77' lang='lat' dir='ltr'><strong>servitutiS,</strong></span> <span class='ocrx_word' id='word_1_191' title='bbox 2005 2319 2115 2384; x_wconf 85' lang='lat' dir='ltr'><strong>sed</strong></span> <span class='ocrx_word' id='word_1_192' title='bbox 2161 2308 2465 2402; x_wconf 79' lang='lat' dir='ltr'><strong>Spiritum</strong></span> <span class='ocrx_word' id='word_1_193' title='bbox 2508 2318 3006 2401; x_wconf 85' lang='lat' dir='ltr'><strong>adoptionis.</strong></span> 
     </span>
     <span class='ocr_line' id='line_1_23' title="bbox 591 2417 3010 2505; baseline -0.001 -22"><span class='ocrx_word' id='word_1_194' title='bbox 591 2427 811 2503; x_wconf 61' lang='grc' dir='ltr'><strong>πνεῦμα</strong></span> <span class='ocrx_word' id='word_1_195' title='bbox 875 2423 1138 2490; x_wconf 51' lang='lat' dir='ltr'><strong>unsaraize</strong></span> <span class='ocrx_word' id='word_1_196' title='bbox 1205 2423 1298 2485; x_wconf 85' lang='lat' dir='ltr'><strong>est</strong></span> <span class='ocrx_word' id='word_1_197' title='bbox 1341 2420 1606 2504; x_wconf 87' lang='lat' dir='ltr'><strong>Spiritus</strong></span> <span class='ocrx_word' id='word_1_198' title='bbox 1666 2424 1937 2499; x_wconf 77' lang='lat' dir='ltr'><strong>sanctuS,</strong></span> <span class='ocrx_word' id='word_1_199' title='bbox 2004 2422 2109 2503; x_wconf 87' lang='lat' dir='ltr'><strong>qui</strong></span> <span class='ocrx_word' id='word_1_200' title='bbox 2168 2422 2377 2505; x_wconf 84' lang='lat' dir='ltr'><strong>ipsum</strong></span> <span class='ocrx_word' id='word_1_201' title='bbox 2434 2419 2817 2502; x_wconf 86' lang='lat' dir='ltr'><strong>accipientes</strong></span> <span class='ocrx_word' id='word_1_202' title='bbox 2873 2417 3010 2483; x_wconf 84' lang='lat' dir='ltr'><strong>facit</strong></span> 
     </span>
     <span class='ocr_line' id='line_1_24' title="bbox 591 2522 3009 2605; baseline -0.003 -18"><span class='ocrx_word' id='word_1_203' title='bbox 591 2539 903 2599; x_wconf 68' lang='lat' dir='ltr'><strong>serr-us,</strong></span> <span class='ocrx_word' id='word_1_204' title='bbox 971 2523 1059 2587; x_wconf 77' lang='lat' dir='ltr'><strong>eis</strong></span> <span class='ocrx_word' id='word_1_205' title='bbox 1127 2522 1404 2586; x_wconf 89' lang='lat' dir='ltr'><strong>animum</strong></span> <span class='ocrx_word' id='word_1_206' title='bbox 1471 2523 1761 2587; x_wconf 89' lang='lat' dir='ltr'><strong>servilem</strong></span> <span class='ocrx_word' id='word_1_207' title='bbox 1824 2522 2058 2605; x_wconf 83' lang='lat' dir='ltr'><strong>injicit3</strong></span> <span class='ocrx_word' id='word_1_208' title='bbox 2127 2524 2190 2585; x_wconf 90' lang='lat' dir='ltr'><strong>et</strong></span> <span class='ocrx_word' id='word_1_209' title='bbox 2252 2527 2487 2601; x_wconf 66' lang='grc' dir='ltr'><strong><em>πνεῦμα</em></strong></span> <span class='ocrx_word' id='word_1_210' title='bbox 2553 2524 2864 2592; x_wconf 76' lang='grc' dir='ltr'><strong><em>υἱοθεσίας</em></strong></span> <span class='ocrx_word' id='word_1_211' title='bbox 2925 2522 3009 2583; x_wconf 86' lang='lat' dir='ltr'><strong>est</strong></span> 
     </span>
     <span class='ocr_line' id='line_1_25' title="bbox 591 2618 3009 2706; baseline -0.002 -19"><span class='ocrx_word' id='word_1_212' title='bbox 591 2623 859 2703; x_wconf 69' lang='lat' dir='ltr'><strong>Spiritus</strong></span> <span class='ocrx_word' id='word_1_213' title='bbox 927 2627 1214 2701; x_wconf 67' lang='lat' dir='ltr'><strong>sanetus,</strong></span> <span class='ocrx_word' id='word_1_214' title='bbox 1283 2622 1388 2703; x_wconf 89' lang='lat' dir='ltr'><strong>qui</strong></span> <span class='ocrx_word' id='word_1_215' title='bbox 1453 2624 1661 2705; x_wconf 88' lang='lat' dir='ltr'><strong>ipsum</strong></span> <span class='ocrx_word' id='word_1_216' title='bbox 1730 2623 2107 2706; x_wconf 84' lang='lat' dir='ltr'><strong>accipientes</strong></span> <span class='ocrx_word' id='word_1_217' title='bbox 2175 2623 2499 2688; x_wconf 88' lang='lat' dir='ltr'><strong>constituit</strong></span> <span class='ocrx_word' id='word_1_218' title='bbox 2563 2622 2809 2688; x_wconf 89' lang='lat' dir='ltr'><strong>filios</strong></span> <span class='ocrx_word' id='word_1_219' title='bbox 2876 2618 3009 2685; x_wconf 90' lang='lat' dir='ltr'><strong>Dei</strong></span> 
     </span>
     <span class='ocr_line' id='line_1_26' title="bbox 586 2720 3004 2807; baseline -0.002 -20"><span class='ocrx_word' id='word_1_220' title='bbox 586 2723 1027 2807; x_wconf 61' lang='lat' dir='ltr'><strong>adoptivus</strong></span> <span class='ocrx_word' id='word_1_221' title='bbox 1110 2723 1203 2805; x_wconf 89' lang='lat' dir='ltr'><strong>(et</strong></span> <span class='ocrx_word' id='word_1_222' title='bbox 1281 2722 1536 2787; x_wconf 80' lang='lat' dir='ltr'><strong>filialem</strong></span> <span class='ocrx_word' id='word_1_223' title='bbox 1622 2723 1848 2787; x_wconf 89' lang='lat' dir='ltr'><strong>amoris</strong></span> <span class='ocrx_word' id='word_1_224' title='bbox 1934 2723 2228 2788; x_wconf 84' lang='lat' dir='ltr'><strong>affectum</strong></span> <span class='ocrx_word' id='word_1_225' title='bbox 2311 2724 2400 2788; x_wconf 88' lang='lat' dir='ltr'><strong>eis</strong></span> <span class='ocrx_word' id='word_1_226' title='bbox 2476 2722 2725 2807; x_wconf 89' lang='lat' dir='ltr'><strong>injicit).</strong></span> <span class='ocrx_word' id='word_1_227' title='bbox 2820 2720 3004 2798; x_wconf 72' lang='grc' dir='ltr'><strong><em>πάλιν,</em></strong></span> 
     </span>
     <span class='ocr_line' id='line_1_27' title="bbox 586 2822 3005 2908; baseline -0.001 -21"><span class='ocrx_word' id='word_1_228' title='bbox 586 2825 919 2899; x_wconf 77' lang='lat' dir='ltr'><strong>iterum,</strong></span> <span class='ocrx_word' id='word_1_229' title='bbox 971 2823 1151 2888; x_wconf 75' lang='lat' dir='ltr'><strong>dehet</strong></span> <span class='ocrx_word' id='word_1_230' title='bbox 1197 2824 1487 2908; x_wconf 80' lang='lat' dir='ltr'><strong>conjungi</strong></span> <span class='ocrx_word' id='word_1_231' title='bbox 1545 2842 1691 2889; x_wconf 91' lang='lat' dir='ltr'><strong>cum</strong></span> <span class='ocrx_word' id='word_1_232' title='bbox 1736 2823 1940 2889; x_wconf 89' lang='lat' dir='ltr'><strong>verbis</strong></span> <span class='ocrx_word' id='word_1_233' title='bbox 1999 2828 2081 2895; x_wconf 78' lang='grc' dir='ltr'><strong>εἰς</strong></span> <span class='ocrx_word' id='word_1_234' title='bbox 2143 2822 2358 2905; x_wconf 72' lang='grc' dir='ltr'><strong><em>φόβον,</em></strong></span> <span class='ocrx_word' id='word_1_235' title='bbox 2420 2826 2727 2889; x_wconf 90' lang='lat' dir='ltr'><strong>iterum</strong></span> <span class='ocrx_word' id='word_1_236' title='bbox 2781 2824 2881 2889; x_wconf 86' lang='lat' dir='ltr'><strong>ad</strong></span> <span class='ocrx_word' id='word_1_237' title='bbox 2919 2823 3005 2887; x_wconf 92' lang='lat' dir='ltr'><strong>ti-</strong></span> 
     </span>
     <span class='ocr_line' id='line_1_28' title="bbox 586 2925 3005 3004; baseline 0 -17"><span class='ocrx_word' id='word_1_238' title='bbox 586 2947 919 3003; x_wconf 78' lang='lat' dir='ltr'><strong>murem,</strong></span> <span class='ocrx_word' id='word_1_239' title='bbox 983 2927 1019 2991; x_wconf 94' lang='lat' dir='ltr'><strong>i.</strong></span> <span class='ocrx_word' id='word_1_240' title='bbox 1087 2945 1160 3004; x_wconf 83' lang='lat' dir='ltr'><strong>e.‚</strong></span> <span class='ocrx_word' id='word_1_241' title='bbox 1222 2925 1301 2989; x_wconf 88' lang='lat' dir='ltr'><strong>ad</strong></span> <span class='ocrx_word' id='word_1_242' title='bbox 1358 2925 1742 3004; x_wconf 90' lang='lat' dir='ltr'><strong>timendum,</strong></span> <span class='ocrx_word' id='word_1_243' title='bbox 1802 2925 1963 2989; x_wconf 91' lang='lat' dir='ltr'><strong>sicut</strong></span> <span class='ocrx_word' id='word_1_244' title='bbox 2018 2925 2317 2990; x_wconf 90' lang='lat' dir='ltr'><strong>nimirum</strong></span> <span class='ocrx_word' id='word_1_245' title='bbox 2373 2927 2473 2990; x_wconf 86' lang='lat' dir='ltr'><strong>lex</strong></span> <span class='ocrx_word' id='word_1_246' title='bbox 2517 2926 2804 2994; x_wconf 86' lang='lat' dir='ltr'><strong>Mosaica</strong></span> <span class='ocrx_word' id='word_1_247' title='bbox 2864 2925 3005 2989; x_wconf 90' lang='lat' dir='ltr'><strong>olim</strong></span> 
     </span>
     <span class='ocr_line' id='line_1_29' title="bbox 582 3025 3003 3111; baseline -0.001 -20"><span class='ocrx_word' id='word_1_248' title='bbox 582 3027 627 3092; x_wconf 81' lang='lat' dir='ltr'><strong>J</strong></span> <span class='ocrx_word' id='word_1_249' title='bbox 645 3031 739 3091; x_wconf 81' lang='lat' dir='ltr'><strong>ud</strong></span> <span class='ocrx_word' id='word_1_250' title='bbox 763 3047 899 3091; x_wconf 72' lang='lat' dir='ltr'><strong>asu</strong></span> <span class='ocrx_word' id='word_1_251' title='bbox 923 3047 947 3091; x_wconf 78' lang='lat' dir='ltr'><strong>s</strong></span> <span class='ocrx_word' id='word_1_252' title='bbox 1015 3027 1219 3091; x_wconf 77' lang='lat' dir='ltr'><strong>effecit</strong></span> <span class='ocrx_word' id='word_1_253' title='bbox 1277 3044 1505 3090; x_wconf 87' lang='lat' dir='ltr'><strong>servos.</strong></span> <span class='ocrx_word' id='word_1_254' title='bbox 1591 3025 1719 3089; x_wconf 85' lang='lat' dir='ltr'><strong>Lex</strong></span> <span class='ocrx_word' id='word_1_255' title='bbox 1785 3026 1949 3090; x_wconf 91' lang='lat' dir='ltr'><strong>enim</strong></span> <span class='ocrx_word' id='word_1_256' title='bbox 2008 3026 2285 3091; x_wconf 88' lang='lat' dir='ltr'><strong>Mosaica</strong></span> <span class='ocrx_word' id='word_1_257' title='bbox 2349 3028 2775 3111; x_wconf 89' lang='lat' dir='ltr'><strong>praecipiebat</strong></span> <span class='ocrx_word' id='word_1_258' title='bbox 2836 3030 3003 3091; x_wconf 84' lang='lat' dir='ltr'><strong>veta-</strong></span> 
     </span>
     <span class='ocr_line' id='line_1_30' title="bbox 582 3126 3006 3211; baseline -0.001 -20"><span class='ocrx_word' id='word_1_259' title='bbox 582 3131 811 3211; x_wconf 74' lang='lat' dir='ltr'><strong>butque</strong></span> <span class='ocrx_word' id='word_1_260' title='bbox 859 3131 1106 3195; x_wconf 76' lang='lat' dir='ltr'><strong>tautum</strong></span> <span class='ocrx_word' id='word_1_261' title='bbox 1151 3128 1336 3209; x_wconf 83' lang='lat' dir='ltr'><strong>atque</strong></span> <span class='ocrx_word' id='word_1_262' title='bbox 1382 3126 1585 3191; x_wconf 85' lang='lat' dir='ltr'><strong>varias</strong></span> <span class='ocrx_word' id='word_1_263' title='bbox 1630 3144 1859 3208; x_wconf 81' lang='lat' dir='ltr'><strong>poenas</strong></span> <span class='ocrx_word' id='word_1_264' title='bbox 1905 3127 2224 3193; x_wconf 88' lang='lat' dir='ltr'><strong>statuebat</strong></span> <span class='ocrx_word' id='word_1_265' title='bbox 2269 3128 2809 3211; x_wconf 81' lang='lat' dir='ltr'><strong>delinquentibus3</strong></span> <span class='ocrx_word' id='word_1_266' title='bbox 2876 3145 3006 3211; x_wconf 88' lang='lat' dir='ltr'><strong>per</strong></span> 
     </span>
     <span class='ocr_line' id='line_1_31' title="bbox 586 3228 3005 3311; baseline -0.002 -16"><span class='ocrx_word' id='word_1_267' title='bbox 586 3251 667 3295; x_wconf 76' lang='lat' dir='ltr'><strong>se</strong></span> <span class='ocrx_word' id='word_1_268' title='bbox 727 3231 931 3295; x_wconf 74' lang='lat' dir='ltr'><strong>autern</strong></span> <span class='ocrx_word' id='word_1_269' title='bbox 999 3232 1171 3295; x_wconf 83' lang='lat' dir='ltr'><strong>nulla</strong></span> <span class='ocrx_word' id='word_1_270' title='bbox 1227 3228 1566 3311; x_wconf 85' lang='lat' dir='ltr'><strong>praebebat</strong></span> <span class='ocrx_word' id='word_1_271' title='bbox 1626 3228 1864 3311; x_wconf 88' lang='lat' dir='ltr'><strong>gratiae</strong></span> <span class='ocrx_word' id='word_1_272' title='bbox 1932 3229 2160 3294; x_wconf 86' lang='lat' dir='ltr'><strong>auxilia</strong></span> <span class='ocrx_word' id='word_1_273' title='bbox 2222 3230 2301 3293; x_wconf 90' lang='lat' dir='ltr'><strong>ad</strong></span> <span class='ocrx_word' id='word_1_274' title='bbox 2360 3230 2479 3293; x_wconf 90' lang='lat' dir='ltr'><strong>Dei</strong></span> <span class='ocrx_word' id='word_1_275' title='bbox 2540 3230 2845 3295; x_wconf 87' lang='lat' dir='ltr'><strong>mandata</strong></span> <span class='ocrx_word' id='word_1_276' title='bbox 2891 3247 3005 3293; x_wconf 88' lang='lat' dir='ltr'><strong>ser-</strong></span> 
     </span>
     <span class='ocr_line' id='line_1_32' title="bbox 586 3329 3001 3416; baseline -0.001 -21"><span class='ocrx_word' id='word_1_277' title='bbox 586 3331 815 3407; x_wconf 54' lang='lat' dir='ltr'><strong>ranum</strong></span> <span class='ocrx_word' id='word_1_278' title='bbox 883 3335 1091 3415; x_wconf 73' lang='lat' dir='ltr'><strong>itaque</strong></span> <span class='ocrx_word' id='word_1_279' title='bbox 1153 3350 1298 3416; x_wconf 93' lang='lat' dir='ltr'><strong>per</strong></span> <span class='ocrx_word' id='word_1_280' title='bbox 1363 3349 1440 3395; x_wconf 91' lang='lat' dir='ltr'><strong>se</strong></span> <span class='ocrx_word' id='word_1_281' title='bbox 1505 3331 1603 3393; x_wconf 85' lang='lat' dir='ltr'><strong>lex</strong></span> <span class='ocrx_word' id='word_1_282' title='bbox 1662 3329 1772 3395; x_wconf 90' lang='lat' dir='ltr'><strong>illa</strong></span> <span class='ocrx_word' id='word_1_283' title='bbox 1814 3330 2109 3415; x_wconf 50' lang='lat' dir='ltr'><strong>,subditos</strong></span> <span class='ocrx_word' id='word_1_284' title='bbox 2165 3349 2308 3395; x_wconf 88' lang='lat' dir='ltr'><strong>suos</strong></span> <span class='ocrx_word' id='word_1_285' title='bbox 2366 3330 2642 3395; x_wconf 83' lang='lat' dir='ltr'><strong>faciebat</strong></span> <span class='ocrx_word' id='word_1_286' title='bbox 2702 3347 3001 3405; x_wconf 66' lang='lat' dir='ltr'><strong>servos</strong></span> 
     </span>
     <span class='ocr_line' id='line_1_33' title="bbox 582 3430 2997 3515; baseline -0 -21"><span class='ocrx_word' id='word_1_287' title='bbox 582 3431 689 3511; x_wconf 78' lang='lat' dir='ltr'><strong>qui</strong></span> <span class='ocrx_word' id='word_1_288' title='bbox 735 3435 951 3495; x_wconf 76' lang='lat' dir='ltr'><strong>timore</strong></span> <span class='ocrx_word' id='word_1_289' title='bbox 995 3451 1329 3515; x_wconf 78' lang='lat' dir='ltr'><strong>poenarum</strong></span> <span class='ocrx_word' id='word_1_290' title='bbox 1375 3451 1410 3497; x_wconf 91' lang='lat' dir='ltr'><strong>a</strong></span> <span class='ocrx_word' id='word_1_291' title='bbox 1455 3432 1783 3497; x_wconf 88' lang='lat' dir='ltr'><strong>violatione</strong></span> <span class='ocrx_word' id='word_1_292' title='bbox 1826 3436 2298 3515; x_wconf 88' lang='lat' dir='ltr'><strong>praeceptorum</strong></span> <span class='ocrx_word' id='word_1_293' title='bbox 2360 3431 2835 3496; x_wconf 84' lang='lat' dir='ltr'><strong>deterrerentur.</strong></span> <span class='ocrx_word' id='word_1_294' title='bbox 2928 3430 2997 3495; x_wconf 87' lang='lat' dir='ltr'><strong>In</strong></span> 
     </span>
     <span class='ocr_line' id='line_1_34' title="bbox 586 3532 3003 3615; baseline -0 -21"><span class='ocrx_word' id='word_1_295' title='bbox 586 3551 787 3595; x_wconf 75' lang='lat' dir='ltr'><strong>nuru</strong></span> <span class='ocrx_word' id='word_1_296' title='bbox 871 3535 1083 3595; x_wconf 74' lang='lat' dir='ltr'><strong>nutem</strong></span> <span class='ocrx_word' id='word_1_297' title='bbox 1159 3534 1562 3597; x_wconf 83' lang='lat' dir='ltr'><strong>Testamento</strong></span> <span class='ocrx_word' id='word_1_298' title='bbox 1648 3533 1958 3598; x_wconf 87' lang='lat' dir='ltr'><strong>confertur</strong></span> <span class='ocrx_word' id='word_1_299' title='bbox 2024 3532 2398 3615; x_wconf 83' lang='lat' dir='ltr'><strong>Spiritus</strong></span> <span class='ocrx_word' id='word_1_300' title='bbox 2444 3534 2822 3613; x_wconf 89' lang='lat' dir='ltr'><strong>sanctus,</strong></span> <span class='ocrx_word' id='word_1_301' title='bbox 2894 3547 3003 3614; x_wconf 90' lang='lat' dir='ltr'><strong>quo</strong></span> 
     </span>
     <span class='ocr_line' id='line_1_35' title="bbox 582 3631 3002 3718; baseline -0.001 -23"><span class='ocrx_word' id='word_1_302' title='bbox 582 3631 787 3695; x_wconf 72' lang='lat' dir='ltr'><strong>effecti</strong></span> <span class='ocrx_word' id='word_1_303' title='bbox 843 3635 1019 3699; x_wconf 89' lang='lat' dir='ltr'><strong>filii</strong></span> <span class='ocrx_word' id='word_1_304' title='bbox 1063 3634 1212 3697; x_wconf 81' lang='lat' dir='ltr'><strong>Dei</strong></span> <span class='ocrx_word' id='word_1_305' title='bbox 1265 3632 1678 3718; x_wconf 79' lang='lat' dir='ltr'><strong>adoptivi,</strong></span> <span class='ocrx_word' id='word_1_306' title='bbox 1745 3653 1869 3699; x_wconf 90' lang='lat' dir='ltr'><strong>non</strong></span> <span class='ocrx_word' id='word_1_307' title='bbox 1928 3634 2137 3699; x_wconf 87' lang='lat' dir='ltr'><strong>servili</strong></span> <span class='ocrx_word' id='word_1_308' title='bbox 2198 3651 2539 3717; x_wconf 89' lang='lat' dir='ltr'><strong>poenarum</strong></span> <span class='ocrx_word' id='word_1_309' title='bbox 2585 3635 2833 3713; x_wconf 91' lang='lat' dir='ltr'><strong>timore,</strong></span> <span class='ocrx_word' id='word_1_310' title='bbox 2899 3631 3002 3697; x_wconf 86' lang='lat' dir='ltr'><strong>sed</strong></span> 
     </span>
     <span class='ocr_line' id='line_1_36' title="bbox 578 3733 2997 3818; baseline -0.002 -19"><span class='ocrx_word' id='word_1_311' title='bbox 578 3735 847 3799; x_wconf 74' lang='lat' dir='ltr'><strong>filiali</strong></span> <span class='ocrx_word' id='word_1_312' title='bbox 915 3751 1120 3799; x_wconf 68' lang='lat' dir='ltr'><strong>amere</strong></span> <span class='ocrx_word' id='word_1_313' title='bbox 1178 3734 1380 3799; x_wconf 90' lang='lat' dir='ltr'><strong>Deum</strong></span> <span class='ocrx_word' id='word_1_314' title='bbox 1447 3734 1747 3800; x_wconf 89' lang='lat' dir='ltr'><strong>timemus</strong></span> <span class='ocrx_word' id='word_1_315' title='bbox 1832 3735 2015 3817; x_wconf 87' lang='lat' dir='ltr'><strong>atque</strong></span> <span class='ocrx_word' id='word_1_316' title='bbox 2079 3735 2417 3818; x_wconf 85' lang='lat' dir='ltr'><strong>diligimus.</strong></span> <span class='ocrx_word' id='word_1_317' title='bbox 2525 3733 2591 3799; x_wconf 83' lang='lat' dir='ltr'><strong>Si</strong></span> <span class='ocrx_word' id='word_1_318' title='bbox 2658 3736 2726 3799; x_wconf 91' lang='lat' dir='ltr'><strong>in</strong></span> <span class='ocrx_word' id='word_1_319' title='bbox 2792 3735 2872 3798; x_wconf 89' lang='lat' dir='ltr'><strong>A.</strong></span> <span class='ocrx_word' id='word_1_320' title='bbox 2935 3733 2997 3795; x_wconf 89' lang='grc' dir='ltr'><strong>Τ.</strong></span> 
     </span>
     <span class='ocr_line' id='line_1_37' title="bbox 574 3835 2995 3920; baseline -0 -21"><span class='ocrx_word' id='word_1_321' title='bbox 574 3835 859 3899; x_wconf 75' lang='lat' dir='ltr'><strong>homiues</strong></span> <span class='ocrx_word' id='word_1_322' title='bbox 895 3835 1408 3919; x_wconf 79' lang='lat' dir='ltr'><strong>justificabantur</strong></span> <span class='ocrx_word' id='word_1_323' title='bbox 1452 3837 1510 3899; x_wconf 92' lang='lat' dir='ltr'><strong>et</strong></span> <span class='ocrx_word' id='word_1_324' title='bbox 1557 3836 1717 3901; x_wconf 90' lang='lat' dir='ltr'><strong>vires</strong></span> <span class='ocrx_word' id='word_1_325' title='bbox 1775 3836 2160 3919; x_wconf 88' lang='lat' dir='ltr'><strong>accipiebant</strong></span> <span class='ocrx_word' id='word_1_326' title='bbox 2222 3836 2302 3901; x_wconf 87' lang='lat' dir='ltr'><strong>ad</strong></span> <span class='ocrx_word' id='word_1_327' title='bbox 2342 3836 2463 3900; x_wconf 90' lang='lat' dir='ltr'><strong>Dei</strong></span> <span class='ocrx_word' id='word_1_328' title='bbox 2507 3840 2840 3920; x_wconf 87' lang='lat' dir='ltr'><strong>praecepta</strong></span> <span class='ocrx_word' id='word_1_329' title='bbox 2882 3836 2995 3898; x_wconf 91' lang='lat' dir='ltr'><strong>im-</strong></span> 
     </span>
     <span class='ocr_line' id='line_1_38' title="bbox 578 3935 2987 4019; baseline 0 -20"><span class='ocrx_word' id='word_1_330' title='bbox 578 3939 819 4019; x_wconf 76' lang='lat' dir='ltr'><strong>plenda,</strong></span> <span class='ocrx_word' id='word_1_331' title='bbox 867 3939 931 3999; x_wconf 78' lang='lat' dir='ltr'><strong>id</strong></span> <span class='ocrx_word' id='word_1_332' title='bbox 975 3935 1211 4001; x_wconf 73' lang='lat' dir='ltr'><strong>fuctum</strong></span> <span class='ocrx_word' id='word_1_333' title='bbox 1256 3936 1353 4000; x_wconf 90' lang='lat' dir='ltr'><strong>est</strong></span> <span class='ocrx_word' id='word_1_334' title='bbox 1393 3954 1513 3999; x_wconf 89' lang='lat' dir='ltr'><strong>non</strong></span> <span class='ocrx_word' id='word_1_335' title='bbox 1555 3936 1616 4000; x_wconf 87' lang='lat' dir='ltr'><strong>vi</strong></span> <span class='ocrx_word' id='word_1_336' title='bbox 1660 3937 1910 4019; x_wconf 62' lang='lat' dir='ltr'><strong>legis»,</strong></span> <span class='ocrx_word' id='word_1_337' title='bbox 1957 3938 2069 4002; x_wconf 89' lang='lat' dir='ltr'><strong>sed</strong></span> <span class='ocrx_word' id='word_1_338' title='bbox 2112 3935 2297 4019; x_wconf 39' lang='lat' dir='ltr'><strong>perxf</strong></span> <span class='ocrx_word' id='word_1_339' title='bbox 2307 3935 2519 4001; x_wconf 89' lang='lat' dir='ltr'><strong>idem</strong></span> <span class='ocrx_word' id='word_1_340' title='bbox 2563 3938 2629 4002; x_wconf 89' lang='lat' dir='ltr'><strong>in</strong></span> <span class='ocrx_word' id='word_1_341' title='bbox 2679 3937 2987 4003; x_wconf 84' lang='lat' dir='ltr'><strong>Christum</strong></span> 
     </span>
     <span class='ocr_line' id='line_1_39' title="bbox 578 4035 2995 4123; baseline 0 -24"><span class='ocrx_word' id='word_1_342' title='bbox 578 4043 903 4103; x_wconf 67' lang='lat' dir='ltr'><strong>venturum</strong></span> <span class='ocrx_word' id='word_1_343' title='bbox 955 4037 1250 4123; x_wconf 61' lang='lat' dir='ltr'><strong>(Baeton).</strong></span> <span class='ocrx_word' id='word_1_344' title='bbox 1296 4072 1383 4082; x_wconf 93' lang='lat'><em>-</em></span> <span class='ocrx_word' id='word_1_345' title='bbox 1426 4038 1482 4097; x_wconf 77' lang='grc' dir='ltr'><strong>ἐν</strong></span> <span class='ocrx_word' id='word_1_346' title='bbox 1527 4036 1579 4113; x_wconf 67' lang='lat' dir='ltr'><strong>‹p‘</strong></span> <span class='ocrx_word' id='word_1_347' title='bbox 1622 4035 1933 4120; x_wconf 74' lang='grc' dir='ltr'><em>κράζομεν,</em></span> <span class='ocrx_word' id='word_1_348' title='bbox 1991 4039 2056 4101; x_wconf 85' lang='grc'><strong>111</strong></span> <span class='ocrx_word' id='word_1_349' title='bbox 2101 4056 2219 4120; x_wconf 92' lang='lat' dir='ltr'><strong>quo</strong></span> <span class='ocrx_word' id='word_1_350' title='bbox 2265 4038 2632 4119; x_wconf 81' lang='lat' dir='ltr'><strong>clamamuS,</strong></span> <span class='ocrx_word' id='word_1_351' title='bbox 2680 4039 2720 4103; x_wconf 88' lang='lat' dir='ltr'><strong>i.</strong></span> <span class='ocrx_word' id='word_1_352' title='bbox 2768 4059 2840 4118; x_wconf 89' lang='lat' dir='ltr'><strong>e.‚</strong></span> <span class='ocrx_word' id='word_1_353' title='bbox 2885 4053 2995 4119; x_wconf 90' lang='lat' dir='ltr'><strong>quo</strong></span> 
     </span>
     <span class='ocr_line' id='line_1_40' title="bbox 578 4137 2989 4223; baseline -0.002 -20"><span class='ocrx_word' id='word_1_354' title='bbox 578 4139 807 4223; x_wconf 76' lang='lat' dir='ltr'><strong>Spiritu</strong></span> <span class='ocrx_word' id='word_1_355' title='bbox 851 4143 1063 4203; x_wconf 73' lang='lat' dir='ltr'><strong>sanctu</strong></span> <span class='ocrx_word' id='word_1_356' title='bbox 1107 4139 1347 4223; x_wconf 87' lang='lat' dir='ltr'><strong>agente,</strong></span> <span class='ocrx_word' id='word_1_357' title='bbox 1409 4156 1635 4221; x_wconf 90' lang='lat' dir='ltr'><strong>magno</strong></span> <span class='ocrx_word' id='word_1_358' title='bbox 1694 4140 1886 4204; x_wconf 89' lang='lat' dir='ltr'><strong>animi</strong></span> <span class='ocrx_word' id='word_1_359' title='bbox 1944 4140 2170 4204; x_wconf 88' lang='lat' dir='ltr'><strong>affectu</strong></span> <span class='ocrx_word' id='word_1_360' title='bbox 2230 4142 2292 4203; x_wconf 90' lang='lat' dir='ltr'><strong>et</strong></span> <span class='ocrx_word' id='word_1_361' title='bbox 2350 4139 2531 4203; x_wconf 89' lang='lat' dir='ltr'><strong>filiali</strong></span> <span class='ocrx_word' id='word_1_362' title='bbox 2588 4158 2735 4205; x_wconf 91' lang='lat' dir='ltr'><strong>cum</strong></span> <span class='ocrx_word' id='word_1_363' title='bbox 2778 4137 2989 4203; x_wconf 86' lang='lat' dir='ltr'><strong>fiducia</strong></span> 
     </span>
     <span class='ocr_line' id='line_1_41' title="bbox 574 4238 2990 4325; baseline -0.003 -18"><span class='ocrx_word' id='word_1_364' title='bbox 574 4243 923 4311; x_wconf 68' lang='lat' dir='ltr'><strong>ula-ruamus</strong></span> <span class='ocrx_word' id='word_1_365' title='bbox 979 4243 1059 4307; x_wconf 74' lang='lat' dir='ltr'><strong>ad</strong></span> <span class='ocrx_word' id='word_1_366' title='bbox 1113 4242 1350 4307; x_wconf 89' lang='lat' dir='ltr'><strong>Deum:</strong></span> <span class='ocrx_word' id='word_1_367' title='bbox 1417 4238 1626 4317; x_wconf 89' lang='lat' dir='ltr'><strong>Abba,</strong></span> <span class='ocrx_word' id='word_1_368' title='bbox 1691 4241 1882 4323; x_wconf 89' lang='lat' dir='ltr'><strong>pater.</strong></span> <span class='ocrx_word' id='word_1_369' title='bbox 1956 4278 2030 4286; x_wconf 89' lang='lat'>—</span> <span class='ocrx_word' id='word_1_370' title='bbox 2097 4238 2322 4305; x_wconf 91' lang='lat' dir='ltr'><strong>Verbis</strong></span> <span class='ocrx_word' id='word_1_371' title='bbox 2382 4241 2441 4302; x_wconf 75' lang='grc' dir='ltr'><strong>ἐν</strong></span> <span class='ocrx_word' id='word_1_372' title='bbox 2507 4238 2562 4317; x_wconf 61' lang='grc' dir='ltr'><strong>(ἐ</strong></span> <span class='ocrx_word' id='word_1_373' title='bbox 2609 4240 2990 4325; x_wconf 83' lang='lat' dir='ltr'><strong>significatur</strong></span> 
     </span>
     <span class='ocr_line' id='line_1_42' title="bbox 574 4340 2982 4424; baseline 0.002 -17"><span class='ocrx_word' id='word_1_374' title='bbox 574 4363 819 4411; x_wconf 72' lang='lat' dir='ltr'><strong>eausa</strong></span> <span class='ocrx_word' id='word_1_375' title='bbox 863 4362 1225 4423; x_wconf 67' lang='lat' dir='ltr'><strong>movens,</strong></span> <span class='ocrx_word' id='word_1_376' title='bbox 1292 4340 1532 4407; x_wconf 88' lang='lat' dir='ltr'><strong>scilicet</strong></span> <span class='ocrx_word' id='word_1_377' title='bbox 1574 4357 1697 4405; x_wconf 89' lang='lat' dir='ltr'><strong>non</strong></span> <span class='ocrx_word' id='word_1_378' title='bbox 1741 4358 1854 4405; x_wconf 91' lang='lat' dir='ltr'><strong>nos</strong></span> <span class='ocrx_word' id='word_1_379' title='bbox 1901 4360 2118 4406; x_wconf 90' lang='lat' dir='ltr'><strong>sumus</strong></span> <span class='ocrx_word' id='word_1_380' title='bbox 2166 4360 2253 4406; x_wconf 85' lang='lat' dir='ltr'><strong>ex</strong></span> <span class='ocrx_word' id='word_1_381' title='bbox 2298 4360 2412 4420; x_wconf 85' lang='lat' dir='ltr'><strong>se,</strong></span> <span class='ocrx_word' id='word_1_382' title='bbox 2477 4343 2581 4424; x_wconf 91' lang='lat' dir='ltr'><strong>qui</strong></span> <span class='ocrx_word' id='word_1_383' title='bbox 2627 4344 2982 4413; x_wconf 69' lang='lat' dir='ltr'><strong>clamamus,</strong></span> 
     </span>
     <span class='ocr_line' id='line_1_43' title="bbox 574 4440 2980 4531; baseline -0.004 -20"><span class='ocrx_word' id='word_1_384' title='bbox 574 4447 683 4511; x_wconf 75' lang='lat' dir='ltr'><strong>sed</strong></span> <span class='ocrx_word' id='word_1_385' title='bbox 727 4447 991 4531; x_wconf 72' lang='lat' dir='ltr'><strong>Spiritus</strong></span> <span class='ocrx_word' id='word_1_386' title='bbox 1035 4467 1083 4511; x_wconf 78' lang='lat' dir='ltr'><strong>s.</strong></span> <span class='ocrx_word' id='word_1_387' title='bbox 1130 4444 1308 4513; x_wconf 85' lang='lat' dir='ltr'><strong>nobis</strong></span> <span class='ocrx_word' id='word_1_388' title='bbox 1352 4442 1633 4528; x_wconf 85' lang='lat' dir='ltr'><strong>suggerit</strong></span> <span class='ocrx_word' id='word_1_389' title='bbox 1684 4440 1876 4506; x_wconf 87' lang='lat' dir='ltr'><strong>istam</strong></span> <span class='ocrx_word' id='word_1_390' title='bbox 1930 4440 2231 4527; x_wconf 85' lang='lat' dir='ltr'><strong>linguam,</strong></span> <span class='ocrx_word' id='word_1_391' title='bbox 2296 4443 2555 4525; x_wconf 87' lang='lat' dir='ltr'><strong>ipseque</strong></span> <span class='ocrx_word' id='word_1_392' title='bbox 2598 4461 2712 4509; x_wconf 86' lang='lat' dir='ltr'><strong>nos</strong></span> <span class='ocrx_word' id='word_1_393' title='bbox 2768 4440 2980 4514; x_wconf 85' lang='lat' dir='ltr'><strong>movet,</strong></span> 
     </span>
    </p>
   </div>
   <div class='ocr_carea' id='block_1_4' title="bbox 3162 2657 3166 4165">
    <p class='ocr_par' dir='ltr' id='par_1_5' title="bbox 3162 2657 3166 4165">
     <span class='ocr_line' id='line_1_44' title="bbox 3162 2657 3166 4165; baseline 0 0"><span class='ocrx_word' id='word_1_394' title='bbox 3162 2657 3166 4165; x_wconf 95' lang='lat' dir='ltr'><strong> </strong></span> 
     </span>
    </p>
   </div>
  </div>
 </body>
</html>
