3234 4992
1303 250 1415 306 0⁸1»-
1439 252 1565 297 1111.
1592 263 1640 295 v.
1664 254 1706 296 1.
2597 254 2732 323 213

294 440 589 505 daeorum
651 440 1006 524 proclivitas
1073 440 1150 505 ad
1209 440 1771 507 rebellandum
1834 441 2049 505 contra
2111 439 2443 519 Romanos,
2513 440 2727 524 quales

291 546 447 607 tunc
513 542 834 626 temporis,
904 542 994 606 uti
1061 541 1513 607 Suetonius
1582 543 1674 624 (in
1746 543 1877 607 vita
1948 539 2192 607 Claudii
2254 540 2386 628 25.)
2452 545 2515 605 et
2578 541 2726 607 Dio

293 642 635 709 Cassius
681 644 854 727 (hist.
899 662 1054 709 rom.
1102 644 1235 726 60.)
1279 643 1572 723 referunt,
1622 644 1850 709 Judaei
1895 641 2163 708 fuerunt.
2253 641 2460 722 Quum
2518 644 2727 708 autem

291 744 564 809 Romani
626 745 1144 811 christianos
1211 762 1320 829 pro
1403 747 1575 810 secta
1659 746 1923 828 quadam
1991 744 2035 809 J
2051 744 2344 809 udaioa
2408 743 2726 823 haberent,

293 845 476 910 facile
544 846 734 911 etiam
801 846 866 911 hi
926 848 1000 911 de
1060 847 1394 913 rebellione
1451 848 1728 929 suspecti
1787 846 1875 913 eis
1936 846 2128 911 videri
2193 846 2509 929 poterant3
2578 862 2728 930 qua-

289 949 545 1031 propter
588 948 1010 1013 necessarium
1058 948 1459 1014 existimabat
1504 949 1843 1032 apostolu8‚
1891 948 2571 1013 Romano-christianos
2617 946 2727 1013 ad-

291 1048 533 1113 hortari
601 1049 679 1113 ad
746 1050 1186 1132 praestandam
1255 1050 1543 1117 civilibus
1613 1050 2085 1135 magistratibus
2145 1048 2727 1114 obedientiam.

290 1186 378 1242 -3
423 1153 591 1212 πᾶσα
631 1149 799 1235 ψυχή
849 1171 919 1215 ex
979 1150 1334 1217 hebraismo
1398 1153 1563 1217 valet
1624 1152 1791 1216 idem
1853 1169 1956 1216 ac:
2021 1151 2598 1233 unusquisque.
2644 1186 2729 1199 -

293 1249 577 1330 ἐξουσὰκι,
625 1254 1129 1336 potestateS‚
1177 1254 1561 1319 abstractum
1630 1253 1904 1336 positum
1952 1270 2061 1335 pro
2106 1253 2390 1317 concreto
2437 1251 2559 1335 (uti
2602 1250 2727 1318 Tit.

291 1352 354 1430 3,
409 1352 515 1437 1.)‚
565 1356 712 1418 sunt
753 1354 816 1435 ii,
863 1354 968 1436 qui
1012 1354 1265 1437 publica
1309 1356 1617 1438 potestate
1665 1354 1929 1438 praediti
1968 1357 2132 1432 sunt,
2179 1352 2311 1418 sive
2357 1370 2553 1436 reges,
2602 1352 2730 1418 sive

294 1453 762 1537 provinciarum
830 1456 1140 1539 praesides
1161 1506 1178 1533 ,
1244 1456 1372 1521 sive
1440 1474 1945 1540 quarumcunque
2005 1454 2252 1520 urbium
2318 1472 2391 1519 ac
2450 1454 2727 1519 locorum

291 1556 724 1638 magistratus
816 1558 1134 1623 Vocantur
1177 1559 1641 1623 eminentes
1687 1556 2122 1642 (ὑπερέχουσαι)
2181 1560 2469 1641 respectu
2516 1553 2731 1621 subdi-

293 1658 529 1737 torum,
577 1678 684 1723 seu
731 1678 960 1738 eorum,
1007 1661 1258 1743 quinon
1283 1665 1430 1725 sunt
1474 1661 1724 1743 publica
1767 1659 2032 1743 praediti
2080 1659 2405 1742 potestate.
2451 1694 2537 1705 --
2578 1654 2728 1730 dno-

289 1760 619 1823 τασσέσθω
673 1761 982 1845 (imperat.
1020 1761 1229 1847 med),
1279 1761 1683 1846 subjiciat
1729 1781 1845 1842 se,
1893 1764 2198 1845 quatenus
2244 1759 2541 1825 nimirum
2586 1756 2731 1825 sub-

295 1862 474 1927 ditus
539 1866 634 1927 est
692 1864 944 1928 illorum
1002 1864 1300 1948 potestati
1358 1868 1466 1929 aut
1517 1863 1955 1947 Jurisdjctioni.
2046 1860 2335 1929 Ceterum
2379 1862 2510 1945 ipse
2555 1876 2730 1928 cou-

292 1966 582 2028 textus
627 1963 710 2048 (v.
757 1965 815 2029 4.
863 1967 925 2029 et
973 1964 1059 2049 7.)
1107 1966 1304 2044 docet,
1366 1966 1719 2049 apostolum
1777 1965 1946 2048 loqui
2008 1966 2081 2028 de
2126 1963 2433 2047 potestate
2490 1962 2725 2039 laica,

295 2085 411 2131 seu
458 2067 532 2130 de
577 2066 818 2131 civili
863 2067 1256 2151 magistratu.
1302 2103 1388 2114 —
1430 2067 1627 2147 „Non
1651 2068 1918 2131 enimc-st
1947 2074 2240 2153 potestas,
2282 2065 2411 2129 nisi
2451 2087 2493 2128 a
2528 2062 2727 2128 Deo“.

291 2166 525 2231 Verbis
570 2167 669 2232 his
714 2168 1124 2232 rationem
1190 2169 1295 2233 dat
1353 2169 1701 2252 praegressi
1759 2168 2094 2251 praecepti,
2154 2170 2337 2251 atque
2406 2166 2728 2250 apostolus

297 2269 438 2333 vult
483 2266 720 2332 dicere:
787 2268 1139 2333 Divinae
1207 2269 1464 2353 originis
1533 2270 1629 2334 est
1694 2270 1893 2334 civilis
1961 2272 2257 2354 potestas,
2348 2268 2517 2333 Deus
2561 2267 2729 2333 enim

295 2374 398 2434 est
442 2388 769 2452 supremus
829 2370 1110 2435 omnium
1174 2370 1479 2449 dominuS,
1541 2374 1602 2435 et
1666 2372 1971 2454 quatenus
2015 2371 2199 2435 homo
2246 2370 2468 2453 aliquis
2512 2369 2575 2433 in
2621 2386 2727 2452 po-

294 2473 532 2536 testate
577 2471 726 2536 Dei
773 2472 1144 2537 vicarius
1192 2475 1308 2550 est,
1355 2472 1549 2538 habet
1589 2473 1693 2554 J'us
1740 2472 1879 2537 aliis
1927 2471 2288 2556 imperandi.
2349 2469 2731 2553 Quapropter

293 2574 518 2658 religio
564 2574 901 2637 christiana
947 2574 1149 2638 solum
1205 2574 1326 2638 scit
1371 2574 1446 2639 de
1490 2574 1744 2657 regibus
1804 2574 2077 2657 gratia
2119 2573 2301 2651 Dei,
2366 2572 2550 2655 atque
2594 2571 2729 2637 offi-

298 2676 476 2740 cium
501 2674 668 2738 civili
692 2674 1089 2757 magistratui
1108 2674 1434 2738 obediendi
1451 2674 1729 2739 declarat
1750 2694 1858 2757 pro
1879 2695 1910 2739 r
1927 2676 2035 2740 eli
2054 2676 2188 2759 gio
2208 2694 2238 2741 s
2256 2694 2323 2754 ος
2350 2673 2727 2740 christianus

299 2794 471 2859 erge,
540 2777 687 2840 dum
759 2776 928 2841 civili
973 2776 1372 2858 magistratui
1432 2777 1627 2859 paret,
1677 2776 1839 2841 Deo
1883 2778 2073 2860 paret,
2144 2796 2265 2842 non
2333 2776 2728 2855 hominiS,

299 2880 412 2944 sed
460 2878 605 2943 Dei
649 2896 864 2943 servus
930 2879 1042 2942 est.
1132 2878 1268 2942 lmo
1337 2882 1399 2942 et
1471 2881 1629 2956 tum,
1696 2878 1806 2943 ubi
1870 2879 2135 2961 populus
2198 2878 2329 2962 ipse
2395 2878 2517 2943 sibi
2558 2876 2727 2961 prin·-

298 2980 503 3063 cipem
555 2999 663 3045 seu
719 2998 929 3064 regem
999 2979 1197 3063 eligit,
1264 2982 1674 3062 potestas,
1741 2997 1929 3061 quam
1996 2983 2258 3057 exercet,
2324 2998 2361 3044 a
2403 2978 2566 3044 Deo
2610 2982 2725 3043 est.

296 3072 482 3145 Hanc
529 3082 690 3146 enim
739 3082 1091 3165 populus
1135 3098 1270 3157 non*
1304 3082 1508 3164 potest
1573 3080 1737 3159 dare,
1804 3081 1949 3164 quia
2012 3081 2213 3164 ipsam
2283 3098 2436 3145 non
2499 3078 2722 3157 habet;

296 3184 505 3265 ipsam
550 3200 691 3247 vero
737 3184 1005 3265 populus
1052 3201 1173 3266 qua
1215 3182 1481 3247 totum
1552 3199 1674 3246 non
1738 3182 1947 3261 habet,
2018 3182 2165 3265 quia
2220 3180 2544 3267 singuli
2589 3198 2728 3245 eam

299 3302 426 3348 non
469 3284 727 3359 habent3
778 3284 1014 3367 singuli
1058 3285 1267 3348 autem
1313 3301 1453 3348 eam
1497 3299 1623 3347 non
1665 3282 1917 3363 habent,
1981 3284 2127 3366 quia
2186 3284 2385 3365 quoad
2438 3283 2728 3346 naturam

297 3387 644 3449 humanam
690 3400 906 3451 omnes
951 3388 1096 3450 sunt
1141 3386 1567 3469 aequales;
1611 3383 1760 3451 hinc
1806 3404 1987 3450 nemo
2043 3384 2164 3451 sibi
2199 3383 2305 3469 jus
2349 3383 2485 3450 aliis
2528 3382 2727 3465 impe-

297 3486 478 3551 randi
522 3503 804 3570 arrogare
847 3488 1056 3569 potest
1117 3487 1363 3571 (Bisp.).
1421 3525 1488 3535 ·—-
1538 3485 1763 3566 „Quae
1824 3496 2023 3551 autem
2079 3496 2239 3568 sunt,
2297 3508 2339 3549 a
2395 3484 2530 3550 Deo
2594 3506 2728 3549 con-

298 3588 547 3651 stitutae
568 3592 767 3651 sunff‘.
814 3588 1064 3652 Dixerat
1090 3588 1262 3671 prius
1287 3589 1622 3671 apostoluS,
1649 3592 1835 3671 pote
1853 3594 1927 3653 st
1951 3588 2079 3654 ate
2099 3608 2166 3654 m
2198 3588 2264 3652 in
2304 3587 2445 3654 abs
2463 3588 2583 3652 tra
2602 3589 2729 3651 cto

301 3690 443 3773 (seu
510 3690 575 3753 in
640 3708 704 3754 se
772 3690 1256 3774 consideratam)
1323 3710 1458 3756 esse
1526 3708 1564 3755 a
1634 3692 1823 3767 Deo;
1893 3709 2055 3755 nunc
2122 3689 2224 3756 hic
2287 3690 2512 3754 iterum
2574 3687 2728 3753 illud

301 3790 578 3855 affirmat
624 3791 698 3855 de
742 3792 1158 3875 potestatibus
1203 3793 1270 3856 in
1314 3796 1732 3870 concreto,
1783 3810 1891 3855 seu
1935 3792 2008 3855 de
2052 3790 2430 3868 hominibus,
2478 3788 2729 3872 publica

302 3895 615 3975 potestate
682 3892 992 3976 praeditis,
1062 3893 1302 3958 scilicet
1369 3893 1653 3958 divina
1716 3886 2098 3958 ordinatione
2167 3892 2537 3957 constitutos
2598 3908 2727 3955 esse

299 3996 481 4072 illos;
529 3997 590 4058 et
633 3994 750 4059 hoc
792 3994 949 4071 ide0,
998 4014 1074 4059 ne
1121 3996 1277 4077 quis,
1328 3995 1420 4059 uti
1465 3996 1751 4060 observat
1794 3993 2116 4072 Estius,
2164 3994 2483 4058 excusaret
2528 3994 2590 4056 et
2636 3991 2727 4057 di-

299 4099 489 4180 ceret,
538 4115 603 4159 se
649 4098 1162 4185 potestatem
1209 4095 1457 4178 quidem
1515 4097 1719 4179 ipsam
1767 4096 2060 4174 venerari,
2127 4094 2239 4159 sed
2282 4110 2354 4158 ea
2395 4092 2729 4176 fungentes

302 4198 560 4263 malos
627 4214 783 4276 esse,
855 4196 1231 4279 proindeque
1314 4197 1730 4280 indignos,
1816 4196 2037 4280 quibus
2102 4194 2435 4261 obediatur.
2528 4192 2727 4274 Quam

306 4298 768 4363 excusationem
814 4298 1129 4382 apostolus
1173 4298 1289 4362 hac
1335 4301 1508 4381 parte
1553 4296 1834 4376 exclusit,
1893 4296 2232 4375 affirmans,
2278 4295 2564 4361 homines
2608 4313 2725 4378 pu-

303 4399 472 4466 blica
526 4399 732 4482 aliqua
790 4398 1096 4482 potestate
1155 4399 1482 4481 praeditos,
1550 4398 1781 4482 pariter
1838 4398 1914 4463 di
1940 4397 2127 4463 vina
2194 4397 2728 4463 ordinatione

304 4501 673 4567 constitutos
720 4520 878 4581 esse,
925 4500 1220 4567 nimirum
1267 4501 1665 4579 mediate,
1729 4501 2030 4583 quatenus
2088 4500 2164 4567 ob
2224 4498 2728 4585 depravationem
