3234 4992
1263 243 1375 299 οιρ.
1400 244 1496 288 xv.
1519 256 1564 287 v.
1591 244 1709 287 τ-ε,
2563 247 2689 313 233

250 454 424 513 VOS,
489 435 644 517 quia
699 452 823 497 non
882 432 1135 515 scripsit
1195 438 1280 503 εἰς
1335 431 1629 511 ἀλλήλους
1671 432 1769 515 (ut
1830 433 1927 509 12,
1975 431 2121 516 16.).
2211 430 2359 493 κατοῖ
2406 432 2686 513 Χριστὸν,

247 538 288 601 i.
337 556 388 601 e.
438 536 791 601 secundum
852 534 1239 599 voluntatem
1302 533 1530 599 Christi
1578 534 1678 618 (cf.
1727 534 1785 610 8,
1831 534 1931 598 27.
1972 532 2125 594 ’κατὰ
2186 532 2381 617 θεὸν).
2427 570 2512 581 -
2553 534 2689 613 „Ut

245 638 635 701 unanimiter
675 658 797 700 uno
842 658 946 699 ore
986 634 1332 721 qloriflcetis
1375 635 1578 698 Deum
1622 644 1677 698 et
1723 635 1971 697 Patrem
2003 634 2261 698 Domini
2301 636 2497 698 nostri
2534 634 2688 699 Jesu

255 739 554 804 Christi.“
643 737 990 804 Genitivus-
1017 744 1138 799 τού·
1175 740 1376 817 κυρίου
1440 738 1640 801 solum
1687 736 1765 800 ad
1809 754 2021 801 vocem
2066 738 2288 817 πατέρα
2329 737 2685 801 referendus

249 846 364 919 est,
414 844 481 904 et
527 857 656 904 non
701 839 892 903 etiam
940 840 1017 903 ad
1059 836 1157 900 τὸν
1201 840 1362 915 θεὸν,
1411 838 1553 919 quia
1597 856 1718 901 non
1762 840 1857 901 est
1903 838 2091 901 moris
2136 838 2431 920 apost010,
2481 838 2681 902 Deum

245 942 448 1005 dicere
498 940 544 1005 J
551 960 664 1006 esu
710 939 971 1015 Christi;
1020 941 1396 1022 quapropter
1437 940 1627 1003 verba
1668 938 1760 1002 ita
1803 938 2165 1002 resolvenda
2219 942 2400 1003 sunt:
2460 939 2682 1015 Deum,

244 1042 350 1123 qui
397 1043 498 1106 est
542 1042 736 1106 Pater
779 1040 1032 1103 Domini
1073 1040 1271 1103 nostri
1313 1039 1470 1105 Jesu
1517 1038 1748 1104 Christi
1793 1038 1894 1122 (cf.
1943 1040 2203 1123 Estius).

453 1142 534 1206 V.
569 1143 646 1229 ⁴7.
706 1140 1148 1225 „Quapropter
1205 1140 1488 1225 suscipite
1546 1140 1800 1203 invicem
1817 1145 1882 1219 ,·“
1937 1141 2116 1221 quasi
2178 1140 2439 1203 diceret:
2516 1138 2683 1219 Qua-

241 1245 518 1326 propter,
584 1247 657 1307 ut
713 1242 1014 1306 nimirum
1068 1259 1190 1305 uno
1250 1259 1352 1305 ore
1397 1240 1599 1305 Deum
1660 1241 2039 1324 glorificetiS,
2103 1241 2369 1305 invicem
2415 1240 2679 1322 benigne

243 1345 575 1427 suscipite.
647 1383 726 1394 --·
797 1341 1016 1421 „Sicut
1078 1351 1134 1405 et
1184 1340 1457 1406 Christus
1521 1343 1779 1427 suscepit
1840 1363 1944 1404 vos
2009 1342 2096 1405 ad
2157 1341 2421 1428 qloriam
2480 1340 2607 1403 Dei
2619 1345 2684 1420 ;“

247 1446 428 1526 quasi
475 1446 746 1509 diceret:
815 1442 1358 1523 Quemadmodum
1405 1443 1595 1507 etiam
1637 1442 1922 1507 Christus
1967 1460 2075 1507 vos
2121 1461 2355 1519 omneS,
2402 1442 2680 1507 Judaeos

244 1548 312 1608 et
356 1548 657 1629 gentiles,
705 1545 828 1609 sibi
871 1545 1147 1623 sociavit,
1193 1544 1566 1608 assumendo
1611 1562 1721 1607 vos
1766 1544 1829 1607 in
1876 1562 2055 1608 suam
2118 1544 2447 1608 ecclesiam
2496 1545 2681 1624 atque

243 1646 578 1730 adoptivos
625 1648 747 1711 Dei
789 1648 949 1711 filios
995 1646 1334 1724 efficiendo,
1381 1650 1443 1710 et
1487 1645 1604 1709 hoc
1650 1646 1804 1721 ideO,
1848 1649 1921 1709 ut
1963 1665 2073 1730 per
2114 1646 2232 1709 hoc
2255 1645 2373 1709 Dei
2415 1644 2681 1726 gloriam

240 1756 658 1829 promoveret.
731 1786 803 1795 —
877 1748 977 1813 Sic
1056 1766 1102 1810 S.
1170 1748 1487 1829 apostolus
1562 1747 2045 1811 exhortationem
2112 1765 2293 1811 suam
2358 1745 2684 1809 confirmat

242 1846 473 1913 iterum
545 1848 831 1932 exemplo
892 1847 1229 1935 Christi.
1321 1847 1564 1913 Verba:
1627 1849 1716 1912 ad
1760 1848 2110 1931 gloriam
2154 1847 2301 1911 Dei
2360 1842 2680 1929 jungenda

245 1953 392 2013 sunt
437 1969 589 2014 cum
634 1950 857 2015 verbo:
905 1967 1136 2014 susce
1159 1950 1299 2033 pit.

452 2051 532 2115 V.
585 2052 642 2118 8.
689 2051 896 2132 „Dico
940 2051 1118 2128 emim,
1162 2049 1375 2113 Jesum
1425 2048 1731 2115 OEvismm
1783 2050 2127 2113 ministrum
2169 2047 2379 2133 fuisse
2430 2048 2679 2109 circum-

246 2151 500 2215 cisionis
555 2175 683 2237 pro
749 2153 1004 2215 veritate
1068 2151 1254 2214 Dei.“
1337 2151 1491 2215 Vult
1549 2151 1781 2215 dicere:
1848 2151 2004 2214 Dico
2071 2150 2387 2226 nimirum,
2452 2147 2498 2212 J
2502 2165 2677 2211 esum

247 2248 573 2317 Christum
638 2252 835 2317 fuisse
904 2252 1263 2316 ministrum
1332 2251 1375 2317 J
1381 2253 1752 2328 udaeorum,
1823 2251 2229 2333 praedicando
2306 2250 2393 2313 eis
2461 2248 2680 2313 salutis

248 2356 672 2438 evangelium,
718 2357 789 2418 ut
833 2356 922 2417 sic
965 2354 1136 2418 Deus
1182 2372 1367 2417 verax
1412 2356 1474 2416 et
1519 2353 1719 2418 fidelis
1766 2354 2309 2417 demonstraretur.
2396 2350 2507 2432 γὰρ
2531 2351 2590 2415 11.
2631 2351 2672 2416 l.

247 2455 342 2516 est
385 2456 704 2538 particula
728 2456 1132 2537 explicativa:
1180 2454 1600 2529 nimirum;
1648 2473 1795 2518 nam
1833 2454 1969 2518 vult
2014 2453 2455 2536 explicare,
2502 2452 2680 2517 illam

245 2553 633 2620 Judaeorum
701 2560 763 2620 et
827 2556 1154 2639 gentilium
1224 2556 1716 2637 assumptionem
1783 2556 2042 2619 cessisse
2101 2556 2166 2617 in
2236 2554 2495 2638 gloriam
2540 2555 2674 2619 Dei.

245 2654 638 2723 Minister
704 2654 1038 2742 (διάκονος)
1116 2658 1341 2722 dicitur
1417 2656 1700 2722 Christus
1766 2659 1823 2722 h.
1893 2658 1956 2736 l.,
2024 2658 2550 2739 quemadmodum
2616 2660 2679 2721 et

247 2758 630 2839 apostoli
687 2760 986 2823 vocantur
1050 2758 1420 2821 ministri
1481 2761 1666 2823 novi
1709 2758 2137 2835 FoederiS,
2186 2758 2478 2821 nimirum
2525 2775 2677 2839 qua-

247 2858 428 2923 tenus
501 2860 892 2942 evangelium
976 2860 1193 2923 salutis
1257 2860 1651 2941 praedicavit.
1740 2857 2041 2941 περιτομή,
2110 2858 2674 2935 circumcisio,

247 2956 645 3024 abstractum
712 2961 984 3043 positum
1051 2978 1160 3043 pro
1214 2963 1554 3032 concreto:
1633 2960 2150 3042 circumcisi,
2211 2960 2258 3045 i.
2328 2978 2378 3022 e.
2448 2957 2677 3031 Judaei

247 3056 332 3139 (3,
377 3060 535 3145 30.).
581 3097 668 3107 —
711 3058 972 3141 ἀλήθεια
1011 3064 1122 3121 τοῦ·
1163 3066 1317 3121 θεοῦ
1360 3061 1458 3123 est
1499 3060 1614 3123 Dei
1659 3060 2082 3124 veracitas
2128 3078 2238 3123 seu
2298 3059 2566 3123 fidelitas
2611 3058 2676 3123 in

246 3162 642 3240 praestandis
708 3163 1051 3245 promissis,
1119 3163 1214 3226 uti
1275 3163 1446 3243 patet
1512 3180 1582 3225 ex
1648 3162 1865 3225 statim
1935 3160 2352 3242 sequentibus.
2400 3196 2484 3207 —
2541 3160 2678 3239 „Ut

249 3261 760 3344 confirmarentur
789 3264 1228 3347 promissiones
1259 3272 1517 3349 patrum
1529 3269 1594 3343 ,·“
1651 3263 1689 3327 i.
1740 3282 1789 3326 e.
1855 3263 1925 3325 ut
1981 3262 2274 3325 nimirum
2337 3263 2427 3327 ita
2470 3263 2674 3327 adim-

248 3360 567 3441 plerentur
604 3364 1068 3446 ‘promissiones
1130 3365 1276 3429 olim
1336 3364 1619 3447 patribus
1664 3382 1874 3428 eorum
1939 3362 2275 3446 (Abrahae,
2339 3364 2564 3429 Davidi
2611 3370 2673 3429 et

252 3464 507 3548 ceteris)
553 3482 590 3528 a
634 3466 764 3528 Deo
826 3464 1046 3529 factae.
1138 3466 1470 3530 Promissio
1531 3465 1828 3529 nimirum
1872 3464 2254 3543 Messiae,
2316 3464 2673 3544 SalvatoriS‚

250 3579 287 3624 a
330 3564 466 3630 Deo
510 3564 679 3630 facta
723 3566 923 3630 fuerat
977 3583 1101 3630 non
1144 3567 1499 3649 gentilibus,
1548 3568 1656 3631 sed
1713 3566 2405 3650 progenitoribus
2464 3568 2675 3651 populi

247 3660 726 3730 Israelitici
792 3664 1000 3751 (Dent.
1077 3668 1176 3745 18,
1246 3668 1390 3753 15).
1484 3669 1917 3733 Praedicta
1974 3667 2223 3750 quidem
2288 3671 2419 3733 erat
2481 3671 2670 3735 etiam

251 3764 419 3829 salus
478 3767 970 3849 gentilium,
1037 3769 1146 3832 sed
1222 3770 1667 3851 promissio
1733 3770 1902 3834 facta
1966 3770 2063 3833 est
2126 3770 2334 3844 nulla;
2397 3770 2542 3834 hinc
2608 3772 2673 3834 in

249 3862 290 3927 J
308 3867 594 3931 udaeis
659 3869 999 3951 assumptis
1060 3871 1397 3953 apparebat
1458 3870 1572 3934 Dei
1634 3870 2066 3935 veracitas
2126 3890 2234 3955 seu
2293 3870 2561 3935 fidelitas
2607 3872 2671 3935 in

249 3969 635 4046 praestandis
681 3970 1019 4053 promissis
1068 3973 1365 4051 βεβαιοῦν,
1412 3970 1678 4050 firmare,
1727 3975 1930 4036 ratum
1975 3973 2190 4037 facere.
2254 3977 2372 4033 τῶν
2408 3974 2672 4052 πατέρων

250 4070 347 4130 est
419 4069 728 4151 genitivus
791 4071 1140 4154 objecti,
1208 4073 1246 4135 i.
1315 4092 1365 4135 e.
1431 4074 1868 4155 promissiones
1939 4076 2217 4157 patribus
2290 4076 2507 4140 factae.
2588 4112 2671 4125 -

249 4165 518 4243 „Gentes
561 4179 760 4234 autem
793 4194 913 4257 pro
973 4173 1397 4237 misericordia
1453 4172 1801 4259 ylorifi'care
1859 4176 2062 4239 Deum
2075 4181 2140 4257 ;“
2184 4197 2260 4260 qu
2270 4178 2363 4241 asi
2410 4178 2669 4243 diceret:

252 4264 528 4335 Gentiles
571 4276 810 4353 autem,
854 4275 1078 4356 quibus
1100 4275 1272 4340 nulla
1316 4276 1478 4340 facta
1503 4276 1624 4339 fuit
1668 4277 1998 4358 promissio
2046 4279 2267 4344 salutis
2312 4279 2375 4344 in
2404 4278 2667 4359 Christo,

250 4368 399 4449 dico,
444 4374 819 4456 glorificasse
863 4377 1064 4441 Deum
1126 4395 1234 4460 pro
1298 4377 1714 4442 misericordia
1770 4376 1921 4460 ipsis
1988 4380 2276 4446 exhibita.
2368 4380 2669 4461 Quamvis

252 4469 471 4540 Judaei
541 4480 606 4539 et
683 4478 954 4563 gentiles
1033 4498 1144 4569 per
1207 4480 1323 4545 Dei
1405 4478 2073 4548 misericordiam
2152 4483 2457 4571 redempti
2523 4484 2667 4563 sint,
