3234 4992
530 257 650 323 172
675 331 683 337 ⁸
1532 256 1645 309 cap.
1668 256 1724 299 x.
1750 268 1796 299 v.
1822 254 1941 298 8-4.

521 442 690 507 secta
732 442 1196 526 pharisaeorum
1241 446 1434 521 era-nt,
1497 442 1741 508 divinae
1782 442 1941 527 legis
1992 441 2187 507 fuisse
2228 439 2555 520 studiosoS,
2624 458 2672 504 s.
2712 438 2971 504 literae

519 544 828 609 testantur
872 543 1039 628 (Act.
1092 544 1195 622 21,
1254 543 1353 611 20.
1402 543 1540 613 Gal.
1588 546 1645 625 1,
1712 544 1857 628 14).
1910 580 1983 589 -—-
2030 542 2151 608 Sed
2210 541 2489 607 studium
2549 541 2665 605 hoc
2726 555 2981 604 eorum

521 646 655 709 erat
710 644 1137 721 vitiosum3
1203 663 1351 710 nam
1416 646 1603 711 dicit:
1682 642 1851 723 „Sed
1908 665 2033 709 ‘non
2096 642 2424 708 secundem
2484 642 2985 728 cofflzitionem“,

520 745 561 810 i.
587 764 637 809 e.
665 745 774 810 sed
809 745 1087 810 studium
1118 746 1234 811 hoc
1263 764 1475 812 eorum
1514 764 1637 813 non
1666 749 1796 812 erat
1833 746 2136 811 directum
2168 744 2519 829 cognitione
2555 742 2985 815 necessaria3

520 846 882 912 nesciebant
927 846 1094 911 enim
1143 846 1264 930 (uti
1311 867 1364 912 v.
1412 848 1470 913 3.
1520 848 1720 931 dicit),
1767 867 1889 932 qua
1932 848 2033 913 via
2078 850 2141 912 et
2182 847 2421 912 ratione
2466 844 2837 928 quaerenda
2892 840 2991 907 sit

513 948 781 1031 justitia,
828 966 950 1031 qua
992 948 1126 1013 Deo
1168 949 1463 1031 placetur.

718 1049 792 1114 V.
840 1050 898 1115 3.
945 1097 984 1129 „
993 1050 1349 1135 Ignorantes
1401 1053 1560 1115 enim
1603 1051 1730 1115 Dei
1752 1051 2067 1141 juctitiam
2082 1098 2102 1129 ,
2164 1058 2221 1113 et
2263 1048 2596 1135 propriam
2627 1046 2993 1137 justitiam

517 1159 868 1237 quaerentes
910 1153 1264 1215 constituere
1279 1200 1298 1230 ‚
1341 1154 1631 1244 justitiae
1672 1151 1799 1216 Dei
1838 1174 1961 1216 non
2004 1172 2066 1215 sc
2107 1150 2545 1241 abjeceruntss
2594 1184 2665 1193 -
2722 1144 2991 1211 Verbis

519 1252 618 1317 his
661 1271 746 1335 pr
766 1252 990 1328 chat,
1037 1270 1148 1317 cur
1179 1252 1430 1317 illorum
1455 1254 1733 1318 studium
1759 1272 1880 1319 non
1904 1254 1986 1318 sit
2020 1252 2359 1317 secundum
2392 1248 2859 1334 cognitionem.
2890 1282 2991 1294 --

516 1350 858 1435 δικαιοσύνη
901 1357 1009 1416 τοῦ
1051 1358 1204 1415 θεοῦ
1247 1358 1342 1420 est
1379 1354 1653 1439 justitia,
1717 1374 1871 1439 quae
1912 1354 2159 1419 homini
2212 1372 2321 1437 per
2366 1350 2685 1416 Christum
2732 1368 2770 1413 a
2828 1350 2992 1413 Deo

517 1455 849 1539 contingit,
911 1458 974 1519 et
1017 1455 1266 1539 quidem
1313 1476 1424 1540 per
1473 1456 1661 1521 fidem
1706 1456 1809 1540 (cf.
1861 1458 1915 1536 l,
1965 1455 2128 1539 17.);
2180 1492 2253 1501 ψ
2300 1448 2636 1532 δικαιοσύνη
2684 1453 2823 1513 ἰδία
2880 1451 2993 1515 est

518 1557 628 1622 illa
661 1556 933 1640 justitia,
994 1575 1183 1640 quam
1228 1558 1418 1623 homo
1462 1577 1530 1622 ex
1575 1576 1832 1623 suorum
1878 1575 2137 1640 operum
2178 1546 2405 1621 merito
2451 1553 2589 1638 (per
2628 1553 2792 1636 legis
2850 1552 2985 1617 ob-

517 1658 923 1741 servantiam)
969 1658 1084 1722 sibi
1134 1675 1509 1741 comparare,
1563 1679 1669 1724 seu
1710 1659 1842 1724 Deo
1890 1662 2107 1743 gratus
2144 1659 2562 1740 acceptusque
2608 1673 2745 1719 esse
2794 1656 2981 1719 vult.

514 1758 689 1823 Haec
733 1756 1070 1839 dvxazoov'vn
1117 1763 1240 1821 ἰδία
1298 1764 1396 1825 est
1453 1760 1669 1825 eadem
1689 1810 1703 1839 ,
1765 1778 1960 1844 quam.
2016 1759 2331 1843 apostolus
2390 1758 2547 1822 alias
2602 1754 2983 1835 δικαιοσύνη

513 1858 720 1942 νόμον,
767 1861 864 1926 vel
909 1861 972 1935 ἐξ
1018 1864 1198 1943 ἀργῶν
1243 1862 1540 1927 nominat.
1587 1898 1672 1909 --
1715 1862 1789 1926 In
1837 1860 2015 1927 verbo
2062 1860 2380 1942 ζητοῦντες
2422 1860 2579 1924 latet
2629 1858 2978 1941 cogitatio,

518 1964 796 2027 studium
844 1981 1056 2029 eorum
1102 1963 1362 2047 propriis
1399 1962 1637 2027 viribus
1676 1962 1991 2046 justitiam
2038 1960 2475 2044 consequendi,
2521 1960 2979 2024 frustraneum

519 2083 675 2128 esse.
722 2102 794 2111 --—
847 2063 1187 2148 Apostolus
1230 2064 1291 2129 h.
1346 2064 1390 2128 l.
1427 2063 1745 2146 justitiam
1804 2063 1922 2128 Dei
1982 2063 2231 2128 exhibet
2288 2052 2590 2145 tanquam
2651 2062 2799 2144 leg
2828 2080 2871 2125 e
2904 2079 2975 2124 m

519 2164 865 2251 (aliquam),
893 2166 993 2231 cni
1035 2166 1215 2232 obte
1234 2185 1294 2230 m
1315 2184 1592 2249 parare
1627 2165 1869 2243 debeat,
1915 2165 2261 2247 quicunque
2282 2164 2543 2229 voluerit
2579 2161 2973 2246 justificari;

515 2265 666 2329 dicit
697 2266 900 2330 enim:
939 2267 1220 2349 justitiae
1243 2265 1358 2330 Dei
1401 2283 1522 2330 non
1571 2285 1639 2330 se
1681 2267 2245 2350 subjecerunt.
2306 2263 2427 2345 Qui
2470 2264 2771 2328 nimirum
2808 2263 2973 2328 vult

488 2366 859 2447 justificari,
906 2367 1090 2432 debet
1133 2368 1262 2431 Deo
1306 2367 1607 2431 revelanti
1673 2386 1739 2431 se
1784 2366 2188 2444 submitter03
2256 2366 2573 2431 submittit
2616 2366 2835 2430 autem
2898 2384 2973 2429 se

514 2466 644 2530 Deo
688 2466 762 2546 ia,
810 2468 915 2548 qui
952 2467 1263 2549 justitiam
1310 2487 1396 2533 eo
1457 2469 1682 2533 modo
1729 2468 1989 2551 quaerit,
2045 2486 2163 2551 quo
2209 2467 2380 2532 Deus
2428 2467 2691 2531 eandem
2736 2465 2971 2548 acqui-

515 2566 770 2631 rendam
830 2569 1176 2651 praecepit,
1247 2570 1485 2634 scilicet
1543 2589 1653 2653 per
1718 2569 1987 2634 fidem.
2071 2569 2223 2635 Jam
2280 2568 2426 2634 huic
2481 2566 2769 2652 justitiae
2830 2567 2971 2631 Dei

514 2670 810 2750 tanquam
861 2668 1054 2751 legi,
1098 2668 1324 2735 Judaei
1369 2690 1436 2735 se
1481 2688 1604 2735 non
1650 2669 2101 2749 submiserunt,
2164 2689 2358 2754 quum
2403 2669 2542 2749 sibi,
2606 2668 2761 2733 abs
2787 2686 2969 2750 que

511 2768 543 2832 f
558 2768 579 2832 i
601 2769 690 2833 de
732 2770 798 2834 in
826 2767 871 2836 J
876 2788 1054 2834 esum
1082 2769 1423 2849 Christum,
1472 2790 1544 2835 ex
1588 2790 1839 2837 suorum
1882 2790 2136 2855 operum
2162 2770 2405 2835 meritis
2449 2787 2669 2852 parare
2712 2769 2971 2833 vellent

511 2868 842 2952 justitiam.
887 2908 960 2917 —-
993 2869 1360 2954 ΰπετάγησαν
1405 2874 1500 2937 est
1545 2872 1813 2937 aoristus
1859 2873 1915 2937 2.
1942 2890 2129 2956 pass„
2176 2871 2286 2937 sed
2328 2871 2389 2935 h.
2414 2872 2454 2935 l.
2490 2870 2967 2955 significatione

511 2972 798 3038 medii:
848 2992 914 3038 se
957 2991 1081 3038 non
1127 2964 1539 3057 subjecerunt.

717 3073 791 3138 V.
839 3074 898 3139 4.
945 3075 1171 3153 „Finis
1212 3074 1371 3138 enim
1413 3072 1561 3159 lcyis
1603 3074 1754 3158 (est)
1806 3071 2144 3137 Chriam3.“
2195 3072 2365 3143 τέλος
2409 3072 2665 3137 denotat
2707 3070 2967 3137 finem

513 3172 740 3259 (Ende)
806 3177 869 3238 et
930 3193 1263 3258 scopum
1328 3173 1529 3259 (Ziel).
1624 3173 1690 3239 Si
1754 3192 1867 3239 vox
1932 3174 2200 3239 sumitur
2263 3172 2489 3238 ultimo
2558 3170 2963 3256 significatu:

512 3291 838 3357 scopus,
887 3295 1102 3341 sensus
1125 3277 1452 3342 verborum
1478 3296 1524 3340 s.
1551 3275 1817 3359 apostoli
1862 3278 1986 3339 est:
2032 3274 2238 3339 Tota
2280 3272 2510 3339 veteris
2550 3274 2963 3339 Testamenti

509 3373 624 3452 lex,
654 3377 786 3439 tam
819 3378 1088 3455 moralis,
1123 3396 1310 3459 quam
1343 3376 1799 3454 ceremonialiS,
1820 3375 2117 3440 tendebat
2136 3376 2214 3441 ad
2230 3376 2516 3440 futurum
2537 3374 2959 3453 Salvatorem,

511 3492 653 3537 eum
699 3478 994 3557 tanquam
1039 3478 1334 3565 ultimum
1381 3496 1566 3543 suum
1627 3495 1964 3561 scopum
2008 3477 2293 3543 habebat
2357 3477 2499 3541 Lex
2562 3476 2960 3541 moralis

510 3590 765 3657 scopum
819 3576 1106 3655 habebat,
1171 3581 1421 3643 externa
1477 3578 1805 3643 severitate
1864 3579 2165 3662 populum
2209 3578 2407 3644 Israel
2464 3578 2547 3643 ad
2610 3577 2958 3641 venturum

509 3673 807 3739 Messiam
867 3676 1306 3756 educandi,
1371 3680 1927 3764 praeparandi
1984 3683 2047 3743 et
2112 3680 2501 3754 ducendi3
2574 3680 2713 3743 erat
2754 3677 2960 3762 igitur

511 3792 652 3839 cum
699 3776 828 3840 suis
873 3777 1188 3843 mandatis
1234 3779 1533 3865 absolutis
1587 3780 2126 3864 paedagogus
2186 3782 2281 3845 ad
2328 3779 2791 3857 Christum,
2852 3778 2952 3844 uti

509 3892 647 3938 eam
707 3894 752 3939 s,
817 3878 1133 3958 apostolus
1188 3880 1252 3943 in
1310 3880 1568 3962 epistola
1644 3881 1721 3945 ad
1781 3879 2037 3945 Galatas
2095 3880 2195 3965 (3,
2248 3882 2379 3967 24.)
2434 3880 2639 3947 vocat.
2732 3881 2952 3960 Quum

507 3974 698 4057 igitur
721 3974 1009 4041 Christus
1036 3977 1170 4060 ipse
1193 3997 1231 4043 a
1245 3999 1285 4062 p
1301 3999 1340 4061 p
1361 3998 1398 4043 a
1410 4000 1441 4044 r
1457 3982 1535 4045 ui
1550 4000 1579 4045 s
1595 4000 1630 4044 s
1650 4000 1683 4044 e
1699 3982 1726 4043 t
1744 4031 1757 4058 ,
1784 3980 1988 4045 officia
2004 3981 2067 4045 et
2083 3982 2337 4047 servitia
2354 3982 2707 4066 paedagogi
2722 3982 2950 4065 sponte

507 4075 870 4154 cessabant3
935 4079 1031 4143 lex
1087 4098 1208 4163 qua
1265 4080 1408 4145 talis
1473 4100 1841 4164 scopum
1890 4102 2070 4147 suum
2134 4086 2197 4147 et
2257 4083 2349 4147 sic
2402 4082 2596 4147 etiam
2656 4082 2951 4147 finem

511 4192 694 4239 suum
739 4184 1028 4246 assecuta
1065 4185 1176 4247 est.
1229 4218 1301 4229 --
1349 4182 1536 4265 Legis
1573 4186 1787 4248 autem
1832 4184 2434 4267 ceremonialia
2482 4188 2637 4262 erat,
2684 4185 2949 4268 typice

509 4272 824 4343 Christum
871 4281 1120 4366 ejusque
1164 4302 1424 4367 regnum
1470 4283 1735 4366 signif
1744 4284 2002 4367 icare3
2065 4284 2359 4362 habebat,
2416 4285 2521 4349 'uti
2567 4287 2635 4349 in
2678 4285 2951 4369 epistola

507 4375 584 4437 ad
629 4376 942 4448 Hebraeos
988 4385 1116 4468 (10,
1167 4387 1250 4469 1.)
1293 4384 1539 4468 legitur,
1602 4383 1971 4449 umbram
2029 4385 2385 4451 futurorum
2429 4385 2757 4464 bonorum,
2816 4402 2945 4450 non

507 4475 710 4560 ipsam
755 4480 1058 4551 bonorum
1109 4486 1543 4553 substantiam.
1636 4482 1843 4566 Quum
1888 4504 2029 4569 ergo
2084 4486 2239 4551 haec
2282 4487 2592 4555 bonorum
2643 4485 2940 4567 essentia,
