3234 4992
2595 0 2599 1 ⁷
2678 0 2958 36 {zanaffi'fissu
2971 0 2994 8 ··

537 182 660 247 120
1517 176 1631 231 esp.
1655 179 1783 221 vm.
1805 187 1853 220 v.
1877 178 1997 219 a-e.

537 387 604 433 se
651 365 902 451 subjicit
945 364 1069 449 legi
1091 363 1227 442 Dei,
1273 365 1379 429 sed
1423 365 1616 429 etiam
1664 365 1721 429 ei
1758 367 1856 428 est
1897 363 2285 441 rebelliS,
2330 362 2387 426 ei
2435 365 2936 445 repugnat.—

535 466 717 549 νόμος
758 472 866 530 τοῦ
909 471 1064 529 θεοῦ
1108 468 1204 529 est
1260 466 1360 530 lex
1387 466 1504 530 Dei
1549 467 1615 530 in
1659 466 2084 531 abstracto
2116 464 2234 549 (uti
2264 466 2322 541 7,
2354 462 2506 549 22),
2554 465 2938 546 complectens

537 589 786 636 omnem
839 570 1098 634 modum
1142 568 1663 633 manifestationis
1708 568 1866 651 legis
1916 567 2119 650 hujus
2165 602 2249 613 --
2295 566 2473 643 „Nec
2518 565 2677 629 enim
2706 570 2941 650 potesffl,

539 672 673 736 scil.
706 671 834 760 legi
874 670 995 734 Dei
1038 688 1104 733 se
1151 669 1478 751 subjicere,
1527 670 1672 751 quia
1716 670 1780 733 in
1841 669 2321 751 oppositum
2383 668 2647 731 tendunt
2692 666 2942 730 studium

539 772 740 837 carnis
786 774 849 835 et
892 772 987 835 lex
1030 770 1164 835 Dei.
1236 771 1391 835 Pars
1439 771 1605 834 enim
1666 771 1730 834 in
1776 770 2028 834 homine
2086 769 2377 834 animalis
2424 765 2779 853 (sensualis)
2822 770 2943 851 post

537 875 787 956 lapsum
826 872 1279 958 protoparentis
1315 873 1591 955 sequitur
1629 890 1824 948 suam,
1872 871 2185 954 propriam
2216 871 2443 953 legem,
2479 888 2621 934 suos
2651 870 2943 953 appetitus

539 977 604 1039 et
646 974 962 1051 desideria,
1025 974 1804 1056 concupiscentiam
1850 973 2309 1051 oculorum,
2380 972 2943 1055 concupiscen-

540 1077 749 1140 tiam
807 1076 1085 1141 carnis
1132 1078 1195 1139 et
1255 1076 1723 1158 superbiam
1787 1075 2050 1151 vitae3
2109 1075 2207 1138 lex
2249 1074 2368 1139 Dei
2416 1077 2627 1138 autem
2674 1072 2945 1156 praecipit

543 1178 930 1261 oppositum:
1010 1177 1242 1241 suimet
1303 1177 1781 1260 abnegationem
1806 1225 1823 1254 ,
1893 1174 2432 1242 mortificationem
2456 1224 2473 1253 ,
2541 1176 2946 1258 paupertatem

542 1278 799 1360 spiritus
871 1276 1368 1363 [humilitate-m).
1418 1315 1494 1325 —-
1545 1277 1752 1357 Quum
1814 1278 1968 1342 haec
2023 1276 2437 1360 repugnantia
2492 1277 2708 1341 contra
2766 1276 2947 1358 legem

538 1379 690 1459 Dei,
755 1379 911 1443 haec
967 1379 1291 1443 inimicitia
1351 1380 1415 1443 in
1458 1379 1665 1444 Deum
1728 1378 1976 1455 efficiat,
2047 1380 2119 1443 ut
2186 1378 2469 1442 homines
2529 1376 2659 1441 Deo
2732 1376 2946 1459 placere

538 1499 660 1547 111111
706 1483 983 1563 possint,
1055 1483 1191 1543 iden
1255 1481 1681 1545 cuncludit
1743 1481 2061 1564 apostolus
2106 1498 2284 1544 suam
2347 1477 2945 1563 argumentationem,

542 1583 690 1647 1111111
739 1583 919 1647 dicit:

751 1683 823 1747 V.
871 1683 927 1747 3.
979 1683 1155 1759 „Qui
1195 1691 1394 1747 antem
1447 1682 1514 1745 in
1558 1704 1743 1746 carne
1785 1692 1926 1746 sunt
1940 1732 1959 1762 ,
2021 1683 2155 1746 Deo
2189 1682 2440 1768 placere
2500 1703 2624 1745 ‘non
2654 1682 2949 1766 possunt.“

542 1783 674 1847 Deo
735 1783 895 1847 euim
959 1787 1199 1867 placere
1255 1787 1502 1849 tantum
1558 1784 1652 1849 illi
1706 1787 2007 1867 possunt,
2076 1784 2181 1866 qui
2239 1786 2384 1848 sunt
2446 1786 2502 1844 ἐν
2547 1780 2847 1861 πνεύματι,
2903 1781 2950 1843 ei

550 1887 787 1947 similes
831 1891 1015 1967 atque
1063 1887 1446 1951 voluntatem
1494 1885 1627 1968 ejus
1672 1886 1929 1950 faciunt.
1982 1923 2055 1931 —-
2098 1889 2155 1946 ἐν
2200 1888 2369 1966 σαρκὶ
2413 1889 2588 1962 εἰναι,
2649 1888 2713 1948 et
2755 1883 2833 1967 (v.
2875 1882 2949 1965 9.)

542 1991 598 2047 ἐν
646 1983 919 2064 affligam
963 1995 1103 2051 simu
1147 1987 1239 2051 1²!ss:
1283 1987 1448 2053 idem
1495 2006 1565 2051 ac
1609 2006 1794 2052 Versu
1824 1989 1880 2052 5.
1933 1991 1990 2049 οἱ
2032 1989 2181 2050 κατὰ
2224 1985 2418 2068 σάρκα
2452 2024 2534 2035 -
2561 1986 2711 2049 κατὰ
2757 1988 2953 2064 πνεῦμα

546 2087 719 2163 ὀντες,
767 2111 911 2155 cum
955 2091 1071 2155 huc
1115 2090 1546 2155 tautummodo
1587 2090 1965 2168 discrimine,
2013 2093 2176 2173 quod
2220 2092 2285 2156 in
2327 2090 2534 2155 verbis
2582 2092 2639 2151 ἐν
2683 2091 2864 2169 σαρκὶ,
2908 2092 2953 2149 ἐν

546 2187 823 2271 πνεύματι
871 2191 1063 2267 dmg,
1119 2211 1303 2255 voces
1351 2190 1508 2272 σάρξ
1550 2195 1612 2255 et
1657 2195 1879 2270 πνεῦμα
1921 2193 2386 2257 considerentur
2431 2193 2633 2275 magis
2676 2195 2955 2274 tanquam

542 2295 706 2355 vitae
779 2295 1315 2363 elementum,
1383 2294 1448 2357 in
1506 2311 1626 2376 quo
1685 2294 1902 2358 vivunt
1970 2298 2033 2357 et
2089 2297 2320 2378 agunt,
2381 2294 2546 2357 unde
2608 2312 2785 2358 suam
2840 2293 2958 2357 vim

542 2395 799 2455 vitalem
855 2395 1183 2467 hauriunt:
1251 2395 1397 2457 dum
1443 2414 1499 2459 v.
1547 2395 1604 2459 5.
1654 2393 1817 2472 σάρξ
1875 2399 1938 2459 et
1980 2400 2204 2474 πνεῦμα
2250 2395 2715 2460 considerantur
2771 2394 2956 2477 magis

546 2499 847 2575 tauquam
891 2495 1055 2555 vitae
1103 2511 1319 2559 norm
1343 2512 1407 2572 a,
1447 2496 1627 2577 juxta
1672 2516 1860 2579 quam
1904 2498 2187 2562 homines
2234 2497 2454 2562 vivunt
2496 2499 2558 2560 et
2602 2499 2817 2579 agunt.

751 2595 827 2659 V.
875 2595 935 2659 9.
979 2595 1155 2671 „Vns
1199 2607 1397 2659 aitte-m
1439 2619 1561 2661 ‘non
1604 2600 1746 2661 estis
1801 2600 1870 2661 in
1930 2621 2135 2677 carne,
2183 2598 2290 2662 sed
2330 2600 2398 2661 in
2441 2598 2733 2684 spirituf‘
2789 2597 2956 2662 Nunc

546 2695 903 2759 antitheti-:ie
967 2695 1339 2779 applicat
1399 2697 1476 2762 ad
1534 2699 1901 2765 christianos
1960 2700 2331 2785 (Romanos)
2391 2700 2493 2778 id,
2569 2700 2733 2782 quod
2791 2700 2958 2764 modo

546 2799 630 2879 [v.
682 2799 767 2883 3.)
831 2799 1063 2863 dixerat
1087 2851 1103 2875 ,
1171 2803 1231 2863 et
1295 2800 1427 2863 ⁴uult
1484 2800 1720 2865 dicere:
1789 2800 1915 2865 Vos
1976 2819 2118 2865 vero
2176 2801 2313 2883 jam
2384 2800 2684 2884 baptizati
2744 2802 2807 2865 et
2864 2820 2961 2883 per

546 2899 847 2979 Spiritum
883 2907 1171 2967 sanctum
1203 2901 1414 2977 renati,
1449 2918 1573 2965 non
1603 2902 1753 2966 estis
1779 2902 1959 2977 tales,
2002 2902 2225 2985 quibus
2265 2919 2424 2980 caro,
2472 2902 2962 2985 concupiscentia

546 3003 714 3067 mala
755 3023 899 3067 [111111
947 3003 1075 3067 suis
1115 3003 1431 3068 desideriis
1463 3006 1526 3066 et
1553 3004 2001 3086 cupiditatibus
2036 3004 2404 3081 dominatur,
2456 3004 2568 3070 sed
2612 3005 2765 3069 estis
2796 3005 2960 3080 taleS,

542 3107 767 3187 quibus
807 3107 1079 3187 spiritus.
1131 3123 1163 3167 a
1203 3105 1435 3187 Spiritu
1473 3109 1689 3169 sancto
1726 3105 2097 3183 illustratuS,
2138 3106 2523 3171 confortatus
2551 3110 2631 3170 ,et
2676 3107 2958 3185 directuS,

546 3207 911 3271 dominatur.
959 3243 1047 3255 ---
1091 3207 1211 3271 Per
1255 3210 1480 3284 πνεῦμα
1522 3206 1581 3271 h.
1631 3207 1695 3277 1.,
1741 3207 1834 3270 uti
1880 3227 1950 3271 ex
1994 3226 2172 3272 versu
2219 3209 2314 3273 10.
2363 3209 2526 3272 clare
2570 3209 2805 3287 elucet,
2865 3208 2964 3272 ubi

542 3311 767 3383 πνεῦμα
823 3311 1147 3391 opponitur
1191 3331 1271 3387 τῳ
1315 3306 1564 3386 σώματι,
1613 3310 1710 3372 est
1767 3309 2042 3391 proxime
2103 3309 2543 3393 intelligendus
2610 3309 2963 3393 spiritus

542 3407 979 3483 humanus,
1015 3415 1115 3471 ast
1147 3427 1263 3475 uon
1299 3411 1378 3475 in
1413 3428 1492 3474 se
1526 3410 1749 3487 solum,
1790 3411 1898 3475 sed
1931 3414 2235 3493 quatenus
2264 3429 2300 3474 a
2334 3411 2647 3494 Spiritu
2682 3412 2961 3476 sancto

542 3511 891 3579 renovatur,
939 3511 1358 3587 collustratur,
1405 3510 1785 3575 confortatur
1832 3514 1894 3575 et
1939 3512 2240 3595 dirigitur,
2307 3513 2386 3578 ab
2431 3514 2569 3597 ipso
2605 3514 2780 3595 quasi
2839 3514 2963 3578 ani-

546 3615 755 3671 matur
815 3611 875 3671 et
935 3611 1303 3691 penetratur.
1395 3612 1560 3677 Nom
1624 3614 1757 3678 sine
1827 3614 2105 3678 divino
2169 3612 2406 3698 Spiritu
2468 3615 2744 3700 (πνεῦμα)
2795 3615 2965 3698 juxta

546 3711 891 3775 doctrinam
939 3731 983 3775 s.
1035 3711 1219 3775 Pauli
1263 3715 1446 3779 homo
1492 3718 1590 3779 est
1646 3718 1893 3780 tantum
1946 3714 2116 3798 Ψυχή
2164 3715 2678 3799 (substantia
2733 3718 2964 3800 spiri-

546 3819 574 3875 t
594 3835 634 3879 11
654 3815 767 3875 ali
787 3811 859 3895 s),
895 3831 1115 3895 corpus
1139 3815 1475 3894 vivificam,
1509 3818 1881 3881 sensualiter
1904 3818 2273 3901 percipienS,
2310 3819 2584 3884 sentiens
2612 3822 2674 3884 et
2696 3819 2961 3902 cupienS,

546 3951 622 3959 κ-
654 3911 1019 3995 ΨἩχέ-κός-
1055 3919 1119 3975 et
1159 3915 1339 3991 σάρξ,
1381 3930 1567 3999 corp
1587 3937 1676 3981 us
1723 3919 2187 3996 materiale,
2234 3918 2534 3999 σαρκικὸς.
2602 3919 2666 3984 Si
2702 3918 2960 4003 Spiritus

550 4019 807 4111 sauctus
871 4015 1159 4095 spiritum
1223 4017 1491 4081 hominis
1549 4018 1824 4096 animat,
1888 4023 2179 4098 renovat,
2242 4022 2565 4085 collustrat
2623 4021 2687 4085 et
2745 4021 2962 4103 dirigit,

546 4135 714 4179 men
735 4135 763 4179 s
795 4115 987 4202 [suffe]
1023 4119 1291 4183 huminis
1335 4118 1404 4181 fit
1439 4123 1677 4199 πνεῦμα,
1721 4124 1927 4205 atque·
1950 4122 2084 4204 ipse
2117 4123 2517 4201 πνευματικὸς.
2588 4121 2965 4205 Quapropter

546 4235 590 4279 5.
638 4219 955 4299 apostolus
999 4219 1115 4283 hoc
1159 4223 1359 4303 posito
1415 4220 1624 4285 addit:
1691 4221 1812 4300 „Si
1852 4222 2095 4308 quidem
2140 4223 2416 4309 Spiritus
2459 4225 2585 4288 Dei
2628 4222 2866 4287 habitat
2905 4226 2962 4287 in

546 4319 775 4379 vobisfl
839 4323 1011 4383 Haec
1071 4319 1335 4407 Spiritus
1397 4322 1600 4386 sancti
1658 4322 1722 4386 in
1785 4322 2137 4389 christianis
2201 4324 2440 4409 (justis)
2498 4325 2869 4390 inhabitatio
2932 4343 2962 4387 a

550 4419 767 4487 multis
815 4423 1119 4506 theologis
1159 4423 1498 4507 explicatur
1542 4426 1821 4503 eatenus,
1868 4427 2167 4516 quatenus
2215 4426 2482 4515 Spiritus
2529 4446 2577 4491 S.
2618 4427 2862 4491 habitat
2904 4427 2957 4498 in
