3234 4992
1265 248 1378 303 cap.
1404 248 1530 295 xm.
1553 258 1598 291 v.
1627 248 1693 290 ιε.
2566 246 2691 315 219

260 437 456 502 facile
525 439 812 520 poterant
877 437 1144 520 apostoli
1209 438 1548 503 adventum
1597 434 1826 500 Christi
1894 435 1972 498 ad
2008 432 2318 517 judicium
2374 434 2437 499 et
2498 432 2688 497 finem
2742 406 2747 409 ¹

265 539 492 605 mundi
535 538 992 604 instantem
1063 544 1316 623 putare,
1385 557 1549 616 nam,
1627 538 1789 620 quod
1854 536 2074 601 omni
2136 538 2498 617 tempore
2561 533 2693 598 fieri

257 640 492 724 potest,
536 658 786 724 prope
831 645 942 718 est,
990 642 1274 706 instat.
1309 641 1356 725 ¹)
1444 638 1651 718 Quum
1715 655 1889 721 porro
1951 636 2249 720 apostolis
2314 634 2513 699 multa
2570 634 2693 698 ad-

257 760 500 807 versa
567 741 957 827 (afflictiones
1023 745 1088 807 et
1151 741 1639 827 persecutiones)
1708 737 2010 822 evangelii
2080 755 2270 802 causa
2333 735 2695 820 perferenda

257 846 508 921 essent,
595 843 782 907 etiam
865 844 972 908 illa
1037 844 1414 923 adversa,
1494 844 1586 907 uti
1652 844 1715 905 et
1779 859 2063 905 summus
2134 856 2376 917 amor,
2444 854 2563 920 quo
2628 836 2693 900 in

259 942 582 1009 Christum
627 944 941 1022 ardebant,
992 964 1165 1028 spem
1210 946 1385 1011 illam
1432 950 1496 1010 et
1538 944 1830 1009 fiduciam
1866 944 2001 1025 jam
2048 940 2337 1005 instantis
2384 940 2687 1003 adventus

257 1045 514 1110 Domini
557 1046 621 1109 in
667 1046 754 1110 eis
801 1065 1048 1129 semper
1093 1047 1299 1113 vivam
1363 1046 1712 1113 servabant.
1755 1081 1839 1091 -
1884 1043 2175 1109 Ceterum
2220 1046 2449 1119 autem,
2497 1058 2689 1124 quum

255 1148 463 1212 totum
526 1147 823 1231 temporis
888 1148 1287 1213 intervallum
1345 1150 1632 1233 respectu
1693 1145 2245 1211 aeternitatis
2310 1144 2485 1227 (nam
2548 1142 2684 1207 coll.

255 1248 320 1311 2.
370 1248 535 1313 Petr.
598 1253 657 1327 3,
718 1250 776 1314 8.
837 1268 1048 1314 unus
1114 1249 1288 1314 dies
1357 1250 1567 1333 apud
1634 1248 2102 1325 Dominum,
2170 1245 2389 1310 sicut
2453 1243 2689 1307 mille

255 1349 484 1427 anni,
532 1353 606 1413 et
651 1351 884 1415 mille
930 1351 1155 1428 anni,
1226 1350 1444 1415 sicut
1510 1350 1684 1414 dies
1749 1348 1980 1431 unus)
2042 1348 2281 1413 breve
2346 1345 2445 1422 sit,
2514 1342 2689 1426 quasi

129 1475 137 1481 ⁵
255 1452 691 1532 punctum,
740 1451 872 1516 dies
916 1453 1219 1516 adventus
1273 1451 1500 1517 Christi
1559 1452 1640 1516 ad
1678 1450 1983 1534 judicium
2028 1449 2216 1513 etiam
2264 1448 2381 1512 sub
2426 1448 2543 1511 hoc
2586 1465 2685 1511 re-

256 1553 483 1633 spectu
527 1571 770 1635 prope
817 1572 954 1617 esse
1000 1553 1120 1617 dici
1163 1554 1387 1636 potest,
1447 1554 1569 1617 etsi
1631 1571 1827 1637 usque
1887 1570 2049 1617 nunc
2106 1550 2252 1616 anni
2310 1551 2453 1633 plus
2512 1548 2685 1613 mille

255 1652 609 1735 octingenti
652 1653 1016 1732 effluxerint,
1063 1664 1127 1718 et
1172 1654 1297 1719 fors
1341 1674 1538 1737 usque
1599 1656 1677 1721 ad
1722 1654 1888 1719 diem
1952 1653 2125 1717 illam
2190 1652 2393 1716 adhuc
2454 1651 2686 1716 multae

253 1773 562 1819 annorum
608 1756 922 1819 centuriae
966 1758 1312 1822 transirent.

469 1856 543 1921 V.
594 1858 691 1923 12.
756 1858 954 1936 „Nox
1010 1860 1323 1944 processit,
1389 1858 1518 1923 dies
1584 1867 1785 1921 autem
1848 1855 2369 1943 appropinquavit
2379 1857 2442 1934 ;“
2509 1852 2687 1936 quasi

255 1958 524 2023 diceret:
572 1958 848 2042 Tempus
891 1961 1055 2024 vitae
1105 1962 1468 2043 praesentiS,
1514 1961 1766 2043 plenum
1808 1957 2077 2022 tenebris
2114 1974 2389 2021 errorum
2437 1958 2498 2019 et
2542 1972 2684 2037 pec-

255 2061 560 2139 catorum,
621 2061 804 2144 longe
843 2060 979 2143 jam
1041 2080 1440 2145 progressum
1505 2065 1616 2139 est,
1688 2062 1765 2125 ad
1824 2060 2013 2125 finem
2072 2058 2389 2141 properat3
2436 2058 2685 2137 tempus

254 2179 402 2227 vero
450 2162 617 2226 vitae
665 2161 908 2226 futurae
970 2183 1079 2228 seu
1136 2165 1458 2230 felicitatis
1505 2167 1790 2229 aeternae
1836 2162 2050 2237 instat,
2108 2158 2521 2243 propinquum
2566 2160 2681 2221 est.

253 2262 381 2327 Per
424 2264 748 2328 noctem
794 2264 1268 2348 intelligendum
1316 2270 1412 2331 est
1468 2270 1717 2348 tempus
1762 2265 1904 2329 ante
1950 2262 2284 2327 adventum
2332 2257 2561 2325 Christi
2606 2258 2681 2321 ad

251 2364 588 2446 judicium,
637 2382 780 2448 ergo
828 2367 1078 2449 tempus
1125 2367 1287 2431 vitae
1333 2367 1663 2444 terrestriS,
1710 2364 2070 2449 praesentis,
2115 2362 2367 2445 plenum
2412 2358 2683 2423 tenebris

253 2482 532 2529 errorum
579 2469 642 2529 et
685 2471 1116 2550 peccatorum3
1166 2488 1274 2552 per
1321 2470 1526 2534 diem
1586 2488 1729 2534 vero
1791 2470 2041 2550 tempus
2105 2462 2405 2529 adventus
2452 2459 2685 2525 Christi

254 2566 338 2630 ad
378 2567 712 2649 judicium,
763 2587 869 2633 seu
918 2568 1164 2652 tempus
1209 2570 1372 2635 vitae
1417 2570 1682 2648 futurae,
1730 2568 2043 2634 felicitat-is
2078 2569 2381 2631 aeternae.
2428 2600 2507 2611 --
2554 2562 2683 2627 Alii

255 2685 402 2732 cum
450 2659 783 2735 Theod‘o
807 2674 982 2733 reto
1029 2690 1138 2752 per
1180 2675 1496 2737 noctem
1541 2672 1905 2756 intelligunt
1940 2674 2193 2752 tempus
2239 2665 2687 2733 anteChristi

255 2769 961 2849 incarnationem,
1006 2773 1170 2854 quod
1215 2774 1347 2837 erat
1390 2774 1645 2857 plenum
1707 2772 1979 2838 tenebris
2040 2788 2313 2835 errorum
2363 2772 2425 2833 et
2467 2785 2683 2851 pecca-

256 2872 485 2949 torum,
554 2870 616 2933 et
657 2889 768 2953 per
834 2872 1044 2936 diem
1111 2875 1362 2957 tempus
1429 2875 1668 2957 gratiae
1736 2877 1799 2938 et
1863 2873 2143 2938 veritatis
2205 2890 2317 2954 per
2362 2868 2682 2934 Christum

254 2970 508 3035 allatae.
580 2971 698 3037 Sed
745 2974 1066 3056 explicatio
1115 2976 1278 3057 prior
1325 2974 1706 3059 antegressis
1752 2975 1956 3057 magis
2001 2973 2349 3056 respondet.
2396 3007 2481 3020 --
2525 2970 2681 3034 Vul-

255 3073 407 3155 gata
451 3072 713 3139 verbum
757 3076 1096 3155 προέκοψεν
1155 3077 1214 3140 h.
1263 3077 1302 3141 l.
1351 3076 1571 3141 vertit:
1631 3076 2097 3159 praecessit
2159 3075 2225 3158 (i.
2275 3094 2325 3138 e.
2373 3071 2680 3157 praeivit),

255 3191 378 3255 qua
420 3176 698 3239 versione
743 3178 1055 3241 sententia
1097 3178 1396 3261 languida
1442 3177 1667 3241 evadit.
1714 3214 1798 3223 —-
1842 3176 2269 3267 „Abjiciamus
2312 3196 2450 3260 erqo
2495 3192 2683 3259 opera
2758 3190 2772 3203 ·

254 3274 658 3356 tenebrarum,
703 3286 759 3341 et
797 3278 1135 3341 induamur
1179 3302 1361 3343 arma
1417 3278 1570 3343 lucis
1585 3283 1650 3359 ,·“
1695 3278 1872 3361 quasi
1918 3278 2175 3342 diceret:
2240 3275 2400 3356 Quia
2442 3291 2559 3340 nox
2604 3273 2682 3337 ad

253 3376 442 3443 finem
490 3385 778 3462 properat
822 3384 883 3445 et
930 3381 1057 3445 dies
1118 3382 1444 3460 illucescit,
1505 3381 1927 3463 relinquamus
1989 3397 2173 3463 opera
2230 3380 2415 3457 mala,
2477 3376 2682 3460 qualia

253 3479 546 3545 homines
591 3481 654 3545 in
701 3482 975 3547 tenebris
1022 3483 1155 3547 sine
1201 3484 1432 3566 pudore
1477 3482 1715 3567 operari
1760 3482 1978 3559 solent,
2038 3484 2101 3545 et
2142 3481 2474 3545 induamur
2516 3480 2681 3545 bona

251 3580 558 3645 virtutum
602 3599 801 3665 opera.
892 3586 1115 3649 Bona
1157 3602 1341 3668 opera
1383 3586 1566 3650 vocat
1609 3584 1925 3668 apostolus
1973 3601 2221 3661 arma,
2287 3581 2433 3665 quia
2494 3581 2682 3645 simul

252 3700 507 3747 monere
553 3684 768 3761 voluit,
815 3686 1208 3750 militiam
1255 3688 1565 3769 quandam
1628 3685 2015 3769 spiritualem
2078 3702 2211 3749 esse
2272 3684 2468 3748 vitam
2517 3682 2678 3747 chri-

253 3784 548 3861 stianam,
597 3802 856 3868 eamque
903 3805 1110 3851 carere
1156 3806 1278 3852 non
1323 3806 1506 3871 posse
1549 3787 1659 3852 illa
1718 3788 2020 3852 bonorum
2065 3804 2319 3869 operum
2363 3787 2679 3849 armatura

254 3888 475 3949 contra
551 3886 780 3952 diaboli
855 3889 1114 3953 insidias
1173 3889 1461 3973 (Estius).
1553 3889 1608 3952 A
1632 3907 1798 3953 rma
1853 3888 2025 3968 haec,
2085 3904 2240 3969 quae
2300 3885 2675 3951 christianus

250 3987 516 4051 induere
583 3988 824 4067 debeat,
893 3994 1218 4056 enumerat
1275 3990 1601 4074 sigillatim
1670 4010 1715 4055 s.
1763 3991 2077 4073 apostolus
2142 3990 2207 4053 in
2274 3988 2534 4071 epistola
2599 3989 2677 4052 ad

246 4089 657 4171 Ephesios
707 4091 794 4174 (6,
845 4093 1121 4176 14.15.).
1191 4092 1290 4157 Ibi
1335 4091 1502 4169 dicit,
1550 4091 2005 4175 cingulum,
2053 4091 2215 4174 quod
2257 4090 2497 4173 integro
2543 4108 2676 4154 cor-

247 4190 386 4273 pori
446 4190 809 4257 firmitatem
877 4194 1266 4277 suppeditat,
1350 4192 1683 4257 christiano
1750 4210 1884 4257 esse
1952 4194 2173 4258 debere
2236 4191 2673 4257 veritatem

471 4429 504 4497 Ι)
541 4428 622 4483 Cf.
675 4429 768 4483 Dr.
821 4429 1048 4499 Ludwig
1100 4430 1502 4485 Hundhausen:
1575 4430 1683 4485 Das
1750 4430 1890 4481 erste
1944 4428 2515 4483 Pontificalschreiben
2580 4428 2673 4485 des

241 4514 691 4584 Apostelfiirsten
725 4514 937 4569 Petrus„
975 4514 1026 4569 S.
1061 4516 1180 4573 389.
