3234 4992
470 278 598 344 243
1247 332 1272 358 ο
1424 272 1534 326 οφ.
1559 270 1683 315 xu.
1709 284 1755 315 v.
1781 273 1950 317 n-n.

477 460 729 542 fringet‚
775 478 887 524 seu
929 460 991 524 vi
1035 478 1150 524 sua
1192 460 1476 542 privabit.
1566 460 1687 524 Pro
1742 458 2023 525 futuro
2067 459 2344 543 Vulgata
2386 458 2543 541 legit
2585 459 2903 536 συντρῖψαι

475 560 944 646 (conterat);
991 562 1377 643 6ίῑσυντρίψει
1408 560 1527 625 ὑπὸ
1569 558 1917 633 τοὺςπόδας
1940 560 2176 626 dictum
2202 564 2301 625 est
2343 564 2905 643 praegnanter

474 681 585 747 pro
645 666 950 743 συντρίψει
1009 661 1366 745 ὖποτοέγιντα
1423 662 1539 726 ὑπὸ
1588 662 1730 735 τοὺς
1786 662 2001 738 πόδας,
2056 664 2328 727 conteret
2384 662 2739 745 subjectum
2786 660 2903 723 sub

480 765 689 848 pedes.
779 766 1116 847 Apostolus
1161 766 1315 831 dicit
1357 765 1476 830 hoc
1521 766 1601 830 ad
1660 768 1926 831 lectores
1972 765 2376 830 consolandos
2421 765 2487 827 et
2526 762 2905 828 confirman-

478 866 603 930 dos.
695 864 906 932 Verba
980 868 1138 932 haec
1215 867 1483 949 apostoli
1566 885 1786 931 revera.
1858 866 2499 949 implementum
2589 863 2903 941 habuisse,

478 965 657 1031 docet
698 967 973 1045 historia,
1021 986 1215 1049 quum
1255 988 1327 1031 ex
1363 968 1651 1032 omnibus
1692 968 1970 1032 ecclesiis
2014 967 2374 1049 apostolicis
2419 966 2607 1029 unica
2649 963 2907 1028 ecclesia

475 1067 664 1133 Rom
687 1087 837 1133 ana
879 1069 1206 1134 veritatem
1253 1070 1316 1133 et
1357 1070 1661 1133 unitatem
1699 1068 2168 1133 conservaverit.
2219 1104 2294 1113 -
2340 1065 2622 1145 „Gratia
2643 1065 2910 1129 Domini

477 1169 674 1233 nostri
712 1169 866 1234 Jesu
916 1168 1146 1235 Christi
1185 1169 1488 1233 vobiscum
1503 1175 1568 1250 ;“
1627 1170 1801 1252 quasi
1856 1170 2117 1233 diceret:
2182 1169 2283 1232 Ad
2328 1168 2625 1233 Satanam
2688 1171 2908 1231 conte-

481 1272 744 1335 rendum
791 1271 967 1336 favor
1012 1275 1073 1335 et
1119 1272 1420 1336 auxilium
1444 1272 1701 1337 Domini
1744 1270 1939 1335 nostri
1981 1270 2026 1336 J
2028 1289 2136 1335 esu
2160 1268 2395 1335 Christi
2437 1270 2518 1333 sit
2559 1268 2904 1333 vobiscum.

479 1367 570 1436 Cf.
619 1374 677 1450 1,
728 1372 786 1436 7.

677 1471 754 1537 V.
799 1472 901 1538 21.
947 1470 1288 1552 „Saluiam
1327 1495 1434 1538 vos
1488 1473 1847 1551 Timotheus,
1907 1472 2301 1557 cooperarius
2340 1494 2525 1551 meus,
2581 1481 2636 1536 et
2679 1471 2910 1535 Dacius

478 1580 536 1640 et
573 1572 776 1637 Jaeon
835 1582 892 1636 et
953 1571 1290 1658 Sosipater,
1349 1575 1593 1660 aequati
1649 1575 1830 1637 mei.“
1916 1573 2183 1638 Volebat
2240 1593 2287 1637 s,
2343 1574 2659 1656 apostolus
2718 1572 2910 1655 priori

479 1673 827 1756 precatione
871 1676 1201 1758 epistolam
1261 1693 1438 1740 suam
1498 1676 1915 1751 claudere,
1979 1677 2088 1739 sed
2146 1675 2569 1739 necessarium
2625 1675 2905 1751 duxerat,

482 1773 687 1839 adhuc
729 1777 1062 1840 nonnullas
1111 1777 1515 1842 salutationes
1577 1778 1906 1860 speciatim
1971 1778 2326 1862 adjungere.
2415 1776 2909 1840 Timotheus

478 1874 581 1939 hic
624 1877 722 1940 est
763 1876 1006 1940 celeber
1047 1877 1312 1959 apostoli
1355 1878 1702 1961 discipulus
1746 1880 1810 1942 et
1853 1877 2121 1961 adjutor.
2198 1874 2484 1959 συνεργός,
2530 1878 2908 1959 cooperator,

483 1976 616 2040 scil.
663 1975 730 2040 in
774 1978 1096 2060 evangelio
1138 1978 1571 2061 praedicando.
1617 2016 1703 2027 —
1745 1979 2085 2044 Lucium
2131 1980 2295 2044 hunc
2341 1978 2625 2044 nonnulli
2683 1980 2911 2059 putant

482 2095 618 2141 esse
661 2076 840 2142 illum
888 2078 1222 2144 Lucium
1271 2078 1375 2163 Cy
1402 2100 1821 2146 renensem
1886 2080 1950 2145 in
1995 2081 2259 2145 Actibus
2319 2081 2447 2164 (13,
2494 2081 2581 2165 1.)
2636 2096 2910 2143 comme-

483 2181 812 2244 moratum.
875 2179 1102 2245 Utrum
1147 2180 1251 2245 hic
1297 2182 1658 2247 nominatus
1683 2180 1727 2247 J
1746 2199 1945 2246 ason
1990 2181 2074 2245 sit
2116 2182 2283 2246 idem
2331 2199 2473 2246 cum
2517 2181 2629 2245 illo
2666 2180 2909 2245 Thes-

483 2278 1003 2344 salonicensi
1062 2280 1234 2363 (Act.
1287 2283 1384 2358 17,
1432 2282 1541 2365 5.)‚
1606 2286 1669 2345 et
1724 2281 2153 2364 Sosipater
2208 2282 2312 2347 hic
2371 2282 2536 2346 idem
2597 2300 2743 2346 cum
2781 2281 2910 2345 -illo

483 2378 548 2442 in
595 2378 860 2443 Actibus
907 2382 1038 2464 (20,
1080 2382 1190 2465 4.),
1236 2386 1399 2447 certo
1445 2383 1574 2447 dici
1617 2383 1849 2466 nequit.
1896 2382 2067 2448 Dicit
2110 2400 2213 2448 eos
2257 2386 2646 2466 cognatos
2690 2381 2910 2447 eadem

483 2498 556 2543 ex
597 2497 788 2545 causa
828 2482 924 2547 uti
965 2501 1152 2566 supra
1195 2483 1276 2566 (v.
1327 2484 1429 2561 7.).

685 2579 758 2646 V.
824 2582 924 2646 22.
988 2581 1252 2661 „Saluto
1316 2605 1422 2647 vos
1485 2606 1589 2670 eqo
1670 2584 1927 2663 Tertius,
1992 2584 2100 2670 qui
2161 2584 2384 2670 scripsi
2440 2582 2777 2669 epistolam,
2842 2584 2911 2645 in

483 2680 816 2746 Domino.“
899 2683 1233 2748 Tertius
1292 2684 1395 2748 hic
1452 2685 1573 2749 fuit
1635 2685 2031 2751 amanuensis
2091 2704 2139 2748 s,
2206 2684 2405 2764 Pauli,
2467 2686 2574 2767 qui
2629 2686 2907 2767 apostolo

483 2782 890 2865 permittente
933 2802 1111 2849 suam
1155 2785 1395 2850 addidit
1442 2787 1907 2852 salutationem.
1954 2820 2039 2832 -
2083 2784 2231 2865 Qui
2278 2785 2618 2868 scripsi,
2668 2786 2908 2851 scilicet

483 2882 679 2948 Paulo
736 2883 1026 2950 dictante.
1089 2922 1169 2934 --
1219 2885 1458 2951 Verba:
1529 2888 1610 2951 in
1675 2888 1865 2951 Dom
1888 2887 2019 2951 ino
2080 2887 2396 2970 pertinent
2460 2887 2536 2949 ad
2602 2887 2905 2951 verbum:

485 2984 788 3062 salut03
835 3004 980 3070 ergo
1027 2989 1226 3055 saluto
1270 3007 1380 3054 vos
1423 2988 1723 3053 charitate
1769 2988 2121 3051 christiana.

682 3085 758 3151 V.
803 3087 904 3151 23.
951 3087 1248 3169 „Salutat
1287 3112 1394 3153 vos
1424 3088 1634 3180 Caju8‚
1676 3091 1886 3175 hospes
1928 3110 2092 3151 meus
2125 3097 2181 3151 ct
2208 3088 2529 3152 universae
2549 3087 2831 3152 ccclesiae
2843 3094 2907 3168 ,·“

484 3185 662 3267 quasi
723 3188 983 3254 diceret:
1056 3190 1300 3256 Salutat
1357 3209 1468 3257 vos
1529 3190 1737 3275 Cajus,
1797 3192 1903 3274 qui
1966 3189 2246 3256 Corinthi
2303 3207 2427 3254 non
2481 3193 2734 3254 tantum
2781 3210 2905 3267 me,

486 3287 594 3351 sed
662 3287 850 3354 etiam
931 3291 1298 3357 christianos
1366 3312 1602 3371 omnes,
1685 3311 1754 3357 eo
1819 3292 2251 3371 adventantes,
2317 3289 2589 3373 hospitio
2659 3290 2904 3373 excipit.

487 3384 588 3451 Ca
596 3387 734 3470 jus
778 3389 880 3455 hic
924 3398 1444 3462 commemoratus
1507 3396 1604 3459 est
1645 3394 1811 3458 idem
1857 3412 2004 3458 cum
2060 3393 2189 3468 1116,
2250 3393 2325 3455 de
2388 3410 2507 3474 quo
2553 3393 2790 3457 mentio
2837 3393 2911 3457 fit

487 3488 553 3552 in
595 3490 857 3572 prima
912 3493 991 3557 ad
1036 3494 1384 3560 Corinthios
1451 3496 1720 3578 epistola
1780 3494 1864 3580 (1,
1914 3495 2060 3578 14.).
2152 3493 2321 3566 ξένος
2378 3494 2606 3558 dicitur
2651 3498 2787 3559 tum
2834 3496 2909 3558 de

487 3607 578 3669 eo,
625 3591 732 3674 qui
774 3594 1166 3676 peregrinum
1208 3596 1477 3678 hospitio
1524 3596 1766 3678 excipit,
1827 3599 1965 3660 tum
2011 3596 2086 3660 de
2131 3614 2221 3673 6ο,
2278 3595 2382 3676 qui
2426 3594 2754 3677 peregrine
2798 3596 2910 3659 ad-

482 3693 656 3758 venit
699 3690 820 3778 (uti
863 3695 926 3757 et
969 3694 1188 3760 Matth.
1235 3697 1339 3775 25,
1386 3698 1534 3779 35).
1623 3697 1786 3761 Loco
1848 3701 1955 3776 τῆς
2011 3697 2312 3776 ἐκκλησίας
2355 3694 2497 3775 ὅλης
2539 3696 2909 3777 (universae,

482 3794 746 3859 totius
803 3794 1125 3880 ecclesiae)
1182 3798 1461 3862 nonnulli
1523 3798 1762 3862 codices
1822 3798 2052 3862 habent
2113 3796 2245 3859 ὅλαι
2287 3800 2349 3858 αἱ
2407 3798 2698 3877 ἐκκλησίαι
2744 3796 2911 3881 (11111-

485 3912 734 3973 versae,
816 3913 1122 3973 omneS‚
1204 3898 1554 3983 ecclesiae).
1655 3898 1929 3981 Vulgata
1993 3917 2133 3964 vero
2216 3897 2445 3963 habet:
2511 3897 2912 3961 universa

483 3995 848 4059 ecclesia
902 3992 1031 4080 (ὁλη
1087 3994 1130 4077 ἤ
1183 3998 1498 4082 ἐκκλησία).
1601 4000 1723 4065 Sed
1779 4000 2011 4083 prior
2069 3999 2253 4063 lectio
2312 4000 2412 4062 est
2470 3996 2909 4081 praeferenda;

482 4096 622 4159 tum
690 4097 837 4178 quia
902 4098 1427 4180 praestantissimi
1491 4101 1730 4165 codices
1798 4118 1935 4164 eam
2001 4100 2254 4177 habent,
2321 4102 2459 4163 tum
2529 4098 2674 4179 quia
2719 4116 2912 4180 supra

483 4196 565 4280 (v.
615 4197 744 4280 16.)
780 4197 916 4280 jam
961 4198 1274 4265 Romanos
1317 4201 1692 4265 salutaverat
1752 4219 1867 4265 om
1887 4200 2019 4265 niu
2044 4220 2106 4265 m
2171 4199 2572 4264 ecclesiarum
2635 4198 2905 4263 nomine.

489 4337 562 4349 -
612 4298 910 4378 „Salutat
960 4324 1068 4366 vos
1105 4302 1388 4381 Erastw,
1448 4301 1735 4364 aremius
1792 4301 2120 4380 civitatis“,
2178 4301 2216 4364 i.
2265 4320 2315 4364 6.
2364 4300 2637 4363 civitatis
2693 4296 2909 4363 Corin-

485 4399 731 4464 thiacae
826 4402 1211 4484 dispensator
1296 4402 1811 4485 (administrator)
1898 4402 2185 4485 publicae
2250 4400 2562 4483 pecuniae.
2635 4440 2717 4455 --
2782 4398 2912 4477 „Et

495 4500 790 4583 Quartus,
817 4502 1099 4588 frater,“
1142 4503 1381 4569 scilicet
1419 4504 1491 4570 in
1535 4500 1799 4582 Christo,
1846 4521 1954 4566 seu
1998 4502 2385 4568 christianus.
