3234 4992
1414 279 1749 331 Prolossomena.
2747 285 2789 350 9

361 463 678 532 doctrinae
723 465 800 530 de
837 464 1278 549 justificatione
1321 485 1430 551 per
1471 466 1661 534 fidem
1704 466 2058 548 obtinenda,
2103 465 2450 547 ostendens,
2494 485 2605 552 per
2646 485 2789 534 eam

361 567 628 632 minime
671 566 920 634 concedi
963 567 1446 634 libertatem
1490 567 1919 653 peccandi,
1982 569 2090 635 sed
2132 569 2340 654 potius
2384 587 2524 634 eam
2566 587 2785 654 provo-

361 686 502 733 care
547 668 626 734 ad
671 667 950 734 studium
993 669 1341 734 virtutis
1387 671 1447 735 el
1493 669 2019 749 sanctitatis,
2067 669 2211 753 quia
2250 669 2639 749 christianae,
2686 671 2789 754 qui

361 787 477 853 per
525 769 914 852 baptismum
961 768 1207 836 Christo
1265 771 1478 838 unitus
1546 775 1610 837 et
1653 790 1798 838 cum
1842 789 1912 838 eo
1957 774 2237 836 mortuus
2283 770 2377 837 est
2420 770 2789 855 (secundum

358 872 637 936 veterem
679 870 1028 954 hominem)
1073 873 1259 954 atque
1303 890 1448 937 cum
1514 871 1731 939 eodem
1792 872 1870 938 ad
1928 872 2123 938 vitam
2187 889 2411 939 novam
2429 921 2445 952 ‚
2502 872 2789 938 continue

361 976 581 1037 sancte
627 972 955 1056 agendam,
1025 974 1372 1054 resurrexit,
1439 973 1783 1058 peccato
1827 975 2008 1057 plane
2054 972 2334 1039 mortuus
2380 990 2515 1038 esse
2582 972 2785 1054 debet,

359 1072 548 1155 idque
592 1074 767 1139 tanto
813 1073 1036 1158 magis,
1105 1092 1295 1157 quum
1357 1093 1482 1142 non
1527 1076 1610 1141 sit
1636 1070 1923 1161 'amplius
1969 1075 2083 1140 sub
2132 1075 2313 1159 lege
2331 1123 2347 1154 ‚
2418 1074 2787 1158 cupiditates

363 1173 673 1239 excitante
719 1177 904 1256 atque
947 1174 1250 1256 irritante,
1297 1176 1406 1242 sed
1449 1177 1567 1242 sub
1611 1177 1887 1262 gratia
1933 1177 2018 1258 (6,
2067 1176 2337 1261 1-23.).
2383 1176 2456 1241 Id
2498 1176 2787 1259 probat

358 1275 563 1341 fusius
609 1275 883 1359 primum
946 1278 1227 1360 exemplo
1290 1279 1603 1358 uxoris,
1674 1296 1829 1361 quae
1875 1296 1914 1343 a
1970 1279 2109 1363 lege
2152 1277 2268 1344 viri
2311 1276 2610 1342 liberatur
2654 1275 2786 1361 ejus

359 1376 655 1455 morte,
703 1379 766 1441 et
809 1377 952 1442 inde
995 1377 1332 1456 concludit,
1376 1378 1566 1443 etiam
1616 1378 2202 1458 christianum,
2250 1378 2354 1460 qui
2386 1378 2453 1444 in
2475 1377 2789 1462 baptismo

361 1477 708 1543 secundum
752 1478 1025 1544 veterem
1070 1479 1388 1552 hominem
1433 1479 1754 1565 (mystice)
1800 1498 1943 1546 cum
1990 1479 2235 1546 Christo
2280 1479 2561 1545 mortuus
2606 1481 2787 1545 estet

357 1597 501 1644 cum
543 1597 614 1645 eo
637 1581 717 1646 ad
739 1597 966 1646 novam
1008 1581 1341 1646 resurrexit
1364 1582 1594 1660 vitam,¹
1626 1581 1958 1648 liberatum
2004 1600 2138 1648 esse
2181 1600 2218 1646 a
2259 1582 2329 1646 16
2348 1581 2471 1666 gis
2517 1579 2785 1647 dominio

360 1679 447 1765 (7,
496 1680 726 1763 1-6.).
775 1680 869 1745 Ne
903 1684 1112 1746 autem
1135 1681 1270 1764 quis
1295 1682 1450 1760 ideo,
1498 1683 1644 1765 quia
1668 1683 1750 1768 (v.
1777 1682 1864 1768 5.)
1889 1683 2139 1761 dixerat,
2186 1683 2258 1747 le
2274 1699 2368 1767 ge
2413 1680 2786 1765 cupiditates

359 1781 456 1846 ad
498 1783 846 1864 peccata
887 1782 1113 1848 irritari
1157 1785 1343 1867 atque
1369 1783 1640 1862 excitari,
1686 1784 1953 1868 putaret,
2001 1785 2056 1849 ei
2100 1784 2363 1868 legem
2410 1785 2475 1847 et
2514 1800 2784 1866 pecca-

363 1882 537 1947 tum
583 1901 716 1947 esse
761 1902 955 1948 unum
1001 1884 1318 1966 idemque,
1386 1883 1647 1969 ideoque
1699 1886 1907 1968 legem
1965 1903 2075 1967 per
2120 1903 2185 1950 se
2230 1885 2553 1964 malam,
2620 1902 2786 1950 nunc

360 1983 648 2069 (7—13.)
696 1985 942 2052 uberius
1011 1985 1276 2070 explicat
1341 1986 1842 2052 relationem
1906 1986 2064 2070 legis
2131 1986 2210 2051 ad
2272 1987 2524 2070 lapsum
2590 2003 2785 2070 genus

357 2087 727 2152 humanum.
815 2087 1015 2152 Docet
1077 2086 1408 2152 nimirum:
1474 2087 1598 2152 Lex
1661 2088 1726 2154 in
1797 2105 1877 2152 se
1941 2104 2063 2152 non
2107 2089 2202 2152 est
2269 2087 2513 2166 mala,
2579 2087 2785 2170 potius

359 2188 684 2264 sancta;
729 2188 1367 2273 astprohibitionibus
1394 2189 1522 2254 suis
1546 2189 1717 2254 ducit
1739 2188 1818 2254 ad
1862 2187 2385 2270 agnitionem
2428 2187 2781 2272 peccati,

360 2286 531 2367 facit,
577 2291 650 2353 61
692 2288 879 2354 homo
921 2289 987 2354 in
1031 2289 1166 2373 ipso
1227 2289 1532 2355 latentem
1597 2289 2369 2373 concupiscentiam
2432 2290 2782 2374 cognoscat,

363 2389 552 2474 atque
578 2390 668 2456 ita
688 2390 1027 2471 hominem,
1074 2409 1186 2456 666
1228 2391 1433 2456 1611616
1458 2391 1536 2456 611
1578 2391 1964 2474 peccandum
2008 2409 2293 2474 pronum,
2338 2391 2418 2456 ad
2459 2393 2784 2474 peccatum

361 2493 567 2558 irritat
613 2493 796 2576 atque
841 2493 1084 2559 excitat.
1132 2492 1337 2558 Homo
1383 2492 1550 2558 enim
1592 2491 1897 2559 naturalis
1944 2493 2151 2556 mente
2219 2510 2332 2558 sua
2376 2491 2627 2574 quidem
2672 2510 2783 2576 ap-

357 2593 583 2677 probat
621 2594 849 2676 legem‚
896 2594 1127 2660 bonum
1164 2593 1496 2677 jubentem
1541 2596 1604 2658 et
1628 2594 1865 2658 malum
1908 2592 2366 2677 prohibentem,
2412 2593 2540 2672 sed,
2588 2610 2782 2675 quum

360 2694 447 2758 sit
489 2711 720 2778 pronus
766 2695 845 2759 ad
887 2695 1304 2778 peccandum,
1373 2698 1591 2760 contra
1655 2713 1833 2761 suam
1877 2695 2265 2761 voluntatem
2311 2694 2634 2760 meliorem
2676 2713 2785 2779 per

359 2796 926 2879 concupiscentiam
971 2795 1266 2862 rebellem
1312 2797 1552 2862 malum
1597 2796 1747 2880 agit.
1838 2795 1958 2863 Sed
2002 2797 2212 2880 ipsum
2268 2796 2388 2861 hoc
2454 2795 2783 2862 dissidium

359 2895 762 2981 (dualismus)
807 2897 874 2962 in
915 2897 1135 2961 natura
1177 2897 1453 2962 humana
1495 2896 1562 2961 16
1604 2897 1855 2963 11616166
1922 2897 2214 2963 excitavit
2281 2897 2638 2963 desideri
2660 2916 2784 2962 616

355 2996 967 3081 redemptionis
1033 2997 1216 3081 atque
1261 2997 1351 3062 ita
1393 2997 1473 3063 ad
1536 2998 1959 3082 recipiendum
2018 2998 2408 3064 salvatorem
2474 2999 2782 3081 disposuit

357 3096 471 3182 (14
485 3097 702 3183 -25.).
751 3135 833 3145 —
877 3098 1115 3164 Deinde
1152 3100 1418 3182 exponit,
1465 3117 1578 3164 666
1601 3099 1968 3165 christianos
1992 3099 2071 3164 ab
2095 3100 2207 3165 illa
2232 3099 2462 3184 duplici
2487 3099 2782 3166 servitute

355 3199 688 3284 peccati
733 3203 794 3264 et
841 3201 1132 3264 mortis
1176 3201 1468 3266 liberatos
1516 3219 1650 3266 esse
1702 3201 1768 3265 in
1814 3199 2141 3266 Christo
2184 3199 2407 3265 Jesu.
2498 3199 2779 3266 Christus

355 3319 472 3368 nos
516 3300 808 3366 liberavit
850 3319 883 3365 6
928 3302 1236 3384 potestate
1280 3301 1636 3385 peccati,
1703 3320 1915 3383 quum,
1978 3300 2287 3365 offerendo
2353 3317 2463 3366 suo
2531 3317 2780 3384 corpore

361 3402 767 3468 immaculato
813 3402 878 3469 in
946 3403 1334 3484 sacrificium,
1395 3423 1435 3488 p
1454 3402 1821 3469 eccatum
1867 3401 2114 3480 deleret,
2183 3400 2480 3485 nobisque
2526 3402 2781 3467 donaret

363 3503 667 3588 Spiritum
717 3507 1020 3585 sanctum,
1065 3524 1176 3589 per
1219 3524 1405 3588 quem
1448 3503 1623 3571 nobis
1691 3502 1984 3569 tribuitur
2047 3503 2275 3569 virtu
2295 3521 2325 3568 s
2389 3504 2595 3589 legem
2659 3504 2780 3569 Dei

323 3605 760 3696 adimplendi.
810 3605 1091 3672 Christus
1113 3606 1400 3671 liberavit
1421 3624 1531 3671 nos
1557 3625 1589 3670 e
1617 3604 1927 3690 potestate
1968 3604 2291 3682 mortis3
2336 3623 2483 3670 nam
2507 3605 2775 3690 Spiritus

357 3709 634 3785 6666166,
679 3725 865 3791 quem
909 3708 1086 3774 nobis
1133 3707 1403 3786 donavit,
1471 3707 1569 3772 est
1612 3725 1757 3771 vera
1822 3705 2139 3772 animae
2205 3706 2413 3786 vita,
2468 3707 2776 3791 simulque

356 3807 695 3892 sponsio
738 3807 936 3886 firma,
983 3808 1135 3873 olim
1160 3809 1350 3873 etiam
1395 3825 1740 3892 corpora
1783 3811 1993 3874 nostra
2017 3806 2113 3892 (ut
2136 3808 2477 3873 secundum
2498 3809 2776 3873 animam

356 3913 421 3974 et
467 3928 688 3994 corpus
732 3911 1076 3995 regenerati
1120 3910 1344 3993 simus)
1387 3908 1770 3975 vivificatum
1814 3909 1891 3974 iri
1935 3909 2022 3993 (8,
2072 3908 2346 3993 1--11.).
2394 3910 2539 3975 11166
2585 3909 2775 3974 611616

355 4011 551 4076 vitam
596 4028 783 4095 agere
840 4011 1139 4078 debemus
1205 4029 1327 4076 non
1395 4011 1737 4077 secundum
1802 4029 1837 4077 c
1856 4029 2121 4076 arnem
2188 4009 2776 4095 (concupiscentiam

355 4113 641 4198 malam),
693 4113 801 4178 sed
849 4114 1189 4180 secundum
1236 4113 1622 4196 spiritum
1667 4111 1801 4196 (per
1825 4110 2125 4194 Spiritum
2157 4113 2441 4177 sanctum
2466 4110 2771 4176 directum

357 4218 420 4279 et
463 4214 930 4300 confortatum),
975 4218 1058 4295 et,
1121 4215 1174 4282 si
1217 4215 1308 4280 ita
1351 4215 1723 4300 (6666611616
1768 4213 2083 4298 spiritum)
2144 4213 2495 4291 vixerimuS,
2556 4230 2775 4278 sumus

356 4314 536 4379 filii
576 4315 755 4396 Dei,
803 4316 1217 4400 utaliquando
1244 4317 1473 4381 erimus
1516 4314 1910 4381 haeredes
1953 4315 2128 4394 Dei,
2176 4313 2541 4381 cohaeredes
2564 4317 2775 4380 autem

360 4413 705 4482 Christi.
753 4416 874 4482 Sed
918 4420 989 4482 ut
1033 4418 1528 4484 cohaeredes
1575 4417 1809 4483 Christi
1853 4420 2037 4500 atque
2081 4419 2505 4483 consortes
2548 4416 2776 4501 gloriae

359 4516 490 4604 ejus
535 4537 670 4585 esse
714 4519 1045 4604 1166611666,
1093 4519 1408 4600 1161161666,
1454 4519 1548 4587 611
1587 4518 1892 4600 Christus,
1941 4517 2545 4585 tribulationes
2590 4520 2774 4601 atque
