3234 4992
561 722 812 839 ludex
886 720 1305 836 nominum
1385 724 1465 833 et
1537 700 1813 831 roru‘m
1890 709 2534 827 memorabilum.

1344 942 1747 959 §mm

1573 1110 1831 1194 ἀλήθεια
1873 1116 2148 1186 significat
2200 1113 2287 1167 vel
2324 1126 2504 1165 veram
2552 1109 2617 1163 de
2662 1108 2778 1163 Deo

864 1190 966 1252 A·
1638 1214 1919 1266 notionem
1970 1212 2065 1276 283
2128 1209 2215 1262 vel
2275 1207 2380 1261 Dei
2432 1204 2779 1258 veracitatem

289 1338 518 1405 Abba,
556 1340 726 1407 pater,
799 1337 971 1402 Quare
1014 1336 1116 1388 hae
1164 1334 1302 1387 duae
1343 1348 1514 1398 voces,
1636 1299 1719 1353 48.
1756 1297 2006 1363 2333ve1
2059 1296 2160 1349 Dei
2210 1292 2484 1361 justitiam
2535 1288 2633 1353 35;
2694 1286 2782 1340 vel

363 1424 513 1477 idem
567 1422 954 1491 significantes,
1010 1420 1177 1473 simul
1209 1419 1517 1489 jungantur

363 1509 482 1563 127.

289 1594 644 1648 Abraham
696 1593 854 1661 pater
906 1590 1260 1644 credentium.
1297 1588 1384 1642 64.
1430 1587 1515 1641 65.

365 1712 429 1720 -
447 1679 612 1732 Pater
631 1676 934 1747 spiritualis
948 1675 1248 1729 multarum
1267 1672 1516 1739 gentium

363 1764 449 1818 69.
489 1792 548 1802 ·-
588 1762 933 1817 Justifioatus
981 1776 1079 1829 per
1121 1760 1284 1813 fidem
1329 1757 1412 1811 60.
1449 1787 1516 1795 -—

363 1848 491 1902 Non
528 1847 596 1901 ob
634 1864 796 1917 opera
825 1848 909 1900 62.
942 1876 1014 1887 —-
1047 1844 1173 1899 Non
1197 1844 1264 1897 ob
1288 1844 1515 1897 circum·
1593 1898 1607 1920 ‚
1640 1812 1720 1866 73·
1759 1810 1875 1919 150·
1950 1902 1980 1916 ῃ
2106 1896 2119 1912 ‚
2413 1896 2425 1908 ‚
2532 1895 2543 1907 ,

363 1933 628 1987 cisionem
663 1933 745 1985 64.
781 1961 850 1971 —-
884 1929 1010 1984 Non
1041 1930 1109 1983 ob
1137 1930 1318 1997 legem
1341 1928 1424 1981 65.
1453 1960 1513 1969 —-
1572 1901 1852 1979 αναλθγά
1894 1919 2005 1975 της
2047 1914 2295 1961 πίστεως
2338 1895 2467 1965 (1111(1
2502 1896 2576 1947 ⁸¹¹3
2607 1892 2726 1946 208·

323 2016 326 2022 ·
361 2019 585 2073 Indoles
649 2018 776 2072 fidei
828 2016 1123 2071 Abrahami
1172 2016 1255 2069 68.
1311 2014 1394 2067 το.
1571 2000 1953 2054 Anathema
1988 1994 2115 2062 quid
2152 1993 2311 2045 notet
2345 1989 2464 2043 146-

361 2104 566 2159 Eadem
601 2120 723 2157 oum
755 2104 946 2156 nostra
979 2102 1064 2157 61.
1097 2132 1168 2143 »-
1203 2100 1332 2165 Quis
1358 2114 1517 2151 verus
1571 2085 1885 2141 Animam
1946 2091 2276 2148 quaerere
2332 2073 2460 2141 qnid
2512 2069 2781 2139 significet

363 2190 659 2244 Abrahami
685 2188 834 2241 filius
859 2188 945 2241 45.
977 2220 1037 2227 —
1059 2184 1357 2240 Abrahami
1385 2184 1516 2237 fides
1640 2172 1754 2225 184·

363 2274 532 2327 habet
567 2275 732 2327 simul
769 2274 1008 2343 typicam
1055 2270 1511 2339 significationem
1571 2255 1981 2335 ἀπολύτρωσις
2024 2258 2151 2327 quid
2187 2253 2456 2323 significet
2489 2250 2572 2304 54.

365 2361 447 2415 70·
508 2361 625 2414 153·
683 2393 741 2401 —
806 2359 1085 2425 Quomodo
1157 2355 1518 2410 conciliantur
1570 2356 2048 2427 Apostolatus
2094 2368 2190 2405 cur
2232 2349 2454 2402 vocetur
2486 2342 2664 2413 gratia
2697 2342 2779 2395 19.

364 2444 670 2499 Jacobus
709 2447 764 2497 et
798 2444 1067 2497 Paulus
1102 2442 1247 2495 idem
1273 2441 1515 2493 dieentes
1636 2444 1754 2498 206,

365 2531 431 2584 de
470 2531 694 2585 diversis
729 2529 1026 2583 Abrahami
1074 2526 1396 2580 actionibus..
1432 2524 1514 2578 58.
1570 2527 1991 2599 Apostolus,
2030 2521 2161 2591 quid
2194 2536 2295 2573 vox
2329 2518 2461 2571 haec
2504 2516 2662 2568 notet
2697 2512 2777 2565 15.

291 2623 507 2679 Absit
543 2616 650 2701 (μῆ
703 2614 952 2697 γένοιτο)
990 2621 1120 2688 quid
1151 2622 1308 2673 notet
1327 2620 1386 2673 in
1405 2620 1514 2689 epi·
1642 2644 1699 2655 —·
1739 2612 1990 2682 Apostoli
2026 2610 2247 2679 quinam
2281 2605 2364 2661 15.
2399 2604 2480 2657 16.

363 2716 523 2770 stolis
559 2734 599 2769 s,
636 2715 794 2769 Pauli
829 2716 913 2769 47.
1569 2700 2078 2768 Argumentum
2134 2690 2392 2762 epistolae
2446 2686 2514 2741 ad
2548 2685 2776 2738 Roma-

1636 1384 1921 1437 veritatem
1954 1382 2171 1451 plenam
2204 1380 2288 1435 37.

1569 1469 1738 1525 Amb
1757 1469 1950 1521 ulare
1986 1468 2044 1519 in
2080 1483 2120 1519 s,
2159 1464 2429 1533 scriptura
2456 1474 2611 1528 saepe
2634 1455 2781 1510 idem

1638 1570 1699 1609 ae
1733 1555 1912 1607 vivere
1946 1553 2028 1606 90.
2063 1551 2179 1605 227.

1570 1643 1685 1695 Am
1702 1656 1780 1694 en
1818 1638 1947 1707 quid
1983 1640 2138 1691 notet
2171 1635 2255 1689 31.

1570 1729 1683 1781 Am
1701 1742 1772 1779 or
1808 1725 1929 1777 Dei
1966 1738 2093 1791 erga
2117 1736 2216 1775 nos
2236 1720 2297 1772 in
2322 1733 2427 1786 quo
2458 1714 2781 1783 conspicuus

293 2803 346 2858 A
364 2818 392 2855 c
409 2818 436 2855 c
453 2818 480 2854 e
493 2818 529 2869 p
546 2801 650 2854 tio
687 2816 1035 2869 personarum
1072 2799 1198 2867 quid
1236 2800 1310 2852 sit
1342 2799 1428 2852 38.
1638 2802 1675 2838 n
1690 2801 1718 2837 0
1736 2802 1761 2837 S
1796 2783 1980 2837 8—11·

291 2888 510 2941 Adam
574 2888 764 2939 auctor
815 2885 1011 2937 mortis
1076 2884 1160 2937 82,
1215 2918 1275 2925 -
1332 2884 1516 2953 Typus
1567 2872 1769 2925 Arma
1804 2865 2083 2920 christiani
2118 2858 2424 2931 spiritualia
2455 2854 2573 2908 219.

365 2970 572 3026 Christi
616 2971 699 3023 82.
740 3001 798 3010 -
841 2968 970 3037 Ejus
1019 2968 1349 3037 comparatio
1393 2984 1515 3021 cum
1568 2955 1789 3010 Ari-ha
1824 2953 2039 3003 nostrae
2074 2944 2355 3001 felicitatis
2400 2943 2647 2996 aeternae
2694 2938 2778 2989 est

366 3055 588 3111 Christo
625 3057 704 3111 77.
741 3088 808 3097 —
837 3056 902 3108 In
931 3055 1136 3109 Adamo
1167 3069 1351 3107 omnes
1381 3052 1513 3105 facti
1636 3039 1869 3108 8Ρὶῆῦῠὸ
1906 3052 1947 3091 S·
1983 3034 2101 3089 123·

367 3145 500 3195 sunt
529 3143 862 3210 peccatores;
891 3157 1000 3194 non
1020 3157 1116 3210 per
1133 3139 1511 3201 imitationem,
1566 3128 1829 3206 ἀσέλγεια
1870 3128 2001 3197 quid
2037 3128 2111 3181 sit
2144 3126 2261 3179 220.

365 3227 780 3295 sedvioriginis
806 3227 885 3280 78.
925 3259 986 3267 -
1026 3224 1304 3291 Quomodo
1327 3238 1512 3277 omnes
1565 3228 1899 3291 Auditus,
1938 3239 1999 3276 ex
2034 3236 2137 3290 quo
2172 3219 2306 3273 fides
2342 3216 2458 3271 178.

363 3313 422 3365 in
459 3312 635 3366 Adam
670 3312 1030 3381 peccaverunt
1062 3311 1147 3365 80.
1565 3310 1944 3368 Authentia
1979 3305 2236 3376 epistolae
2262 3302 2329 3357 ad
2353 3302 2671 3355 Romanos
2693 3297 2775 3353 12.
2852 3262 2929 3331 ᾧ

292 3397 601 3466 Adoptio
636 3396 876 3449 filiorum
901 3396 1004 3449 Dei
1023 3396 1138 3449 125.
1177 3429 1238 3437 --
1274 3394 1512 3463 Adoptio

363 3483 420 3535 in
467 3482 729 3551 populum
772 3481 873 3534 Dei
924 3481 990 3533 N.
1027 3480 1087 3533 T.
1138 3482 1221 3533 est
1256 3496 1511 3549 superna-

365 3566 546 3621 turale
582 3565 892 3619 indebitum
925 3564 1246 3618 beneficium
1267 3564 1366 3617 Dei
1395 3564 1509 3618 153.
2119 3532 2226 3593 B·

366 3652 482 3705 156.
533 3684 593 3691 -
640 3649 878 3719 Adoptio
923 3649 1110 3720 populi
1160 3649 1329 3701 Israel
1381 3649 1512 3717 quid

1565 3701 1732 3756 Baal
1768 3696 1923 3766 quale
1959 3694 2167 3748 idolum
2201 3690 2317 3751 185,

1563 3786 1971 3855 Baptismus
2029 3783 2189 3847 typus
2247 3775 2439 3829 mortis
2495 3776 2550 3827 et
2595 3787 2773 3825 resur-

1631 3868 1885 3923 rectionis
1939 3866 2155 3919 nostrae
2210 3864 2267 3917 et
2320 3858 2522 3915 Christi
2575 3857 2659 3913 89.
2706 3888 2773 3896 -

364 3738 440 3790 sit
475 3736 591 3789 148.

293 3821 752 3883 Adulterium
789 3818 920 3887 quid
956 3819 1030 3871 sit
1063 3818 1186 3871 216.

293 3909 345 3961 Α
359 3908 725 4060 ἓῖοἷῗῃζῖῗῑῃ
761 3904 1039 4057 ξῃῖ-,Ξέἕξ
1054 3918 1205 4040 :Agr
1275 3904 1508 3971 aposwh
1631 3956 1738 4009 Per
1754 3953 2087 4023 baptismum
2106 3965 2230 4003 cum
2249 3946 2467 3999 Christo
2494 3943 2772 4007 morimur,

293 4075 725 4130 Aedificatio
761 4074 877 4127 229,
1633 4040 1999 4107 crucifigimur
2035 4040 2090 4090 et
2125 4033 2413 4103 sepelimur
2446 4031 2531 4085 90.
2566 4031 2649 4083 91.

293 4160 695 4215 Aemulatio
734 4159 864 4226 quid
900 4158 1014 4212 220,
1562 4124 1925 4194 Baptizari
1976 4125 2036 4176 in
2088 4119 2365 4175 Christum
2421 4146 2482 4155 —
2536 4116 2596 4168 in
2655 4113 2771 4181 ejus

295 4245 442 4309 αἰών
488 4254 617 4322 quid
653 4252 927 4320 significet
949 4253 1114 4305 31·-
1146 4241 1293 4306 αἰών
1338 4244 1512 4315 οὗτος
1562 4204 2329 4364 Βὲοῑξῗέἰεῗιῗῑέῗὲᾆτῖῗ
2349 4289 2433 4343 23.

365 4389 439 4399 “““
488 4352 708 4430 μέλλων
753 4353 882 4423 qnid
919 4354 1116 4408 amm?
1151 4354 1268 4408 2⁰6·
1563 4381 1823 4435 Beatus
1874 4382 1993 4449 quis
2046 4381 2103 4434 in
2152 4396 2193 4433 S.
2243 4376 2510 4447 scriptura
2560 4371 2771 4445 praedi·

297 4451 451 4542 ἀκοή
495 4460 626 4529 quid
662 4460 933 4536 significet
967 4459 1084 4517 179.
1632 4469 1785 4527 cetur
1817 4467 1898 4529 62.
