3234 4992
563 227 683 291 11ss
1540 220 2015 276 nummus-8.

559 415 675 487 νῦν,
719 431 959 487 nuum
1023 427 1171 475 voce
1231 409 1347 475 hac
1400 409 1634 476 indicat
1677 410 2016 495 apostolus,
2077 427 2143 474 se
2198 408 2360 473 velle
2418 404 2510 473 de
2568 425 2776 474 novo
2823 411 3010 474 statu

567 515 755 599 lequi,
803 515 1043 579 diverso
1080 513 1158 578 ab
1197 512 1324 592 illo,
1371 532 1555 596 quem
1594 513 1797 597 capite
1838 528 2198 596 praegresso
2238 510 2523 594 (7—25.)
2566 510 3008 594 descripserat,

559 619 599 683 i.
651 639 703 679 e.
751 619 827 679 de
875 615 1038 681 stetu
1083 613 1353 679 hominis
1419 614 1641 692 novi,
1704 613 2194 697 regenerati.
2263 650 2335 659 —
2395 610 2749 693 κατάκριμα,
2816 631 3010 678 con-

563 719 1030 795 demnatio,
1092 716 1517 781 sententia
1577 715 2283 793 condemnatoria3
2350 718 2409 775 οἱ
2454 718 2512 777 ἐν
2555 718 2805 796 Χρίστᾳῖ
2846 719 3011 779 sunt

567 819 679 895 illi,
743 819 847 903 qui
907 838 1014 903 per
1071 817 1599 903 regenerationem
1648 815 1896 882 Christo
1959 817 2194 896 inserti,
2254 818 2625 902 incorporati
2670 821 2834 895 sunt,
2900 817 3007 881 uti

559 923 847 1003 palmites
899 921 1029 997 riti,
1093 924 1156 985 et
1202 921 1280 986 ab
1327 939 1397 986 eo
1442 920 1803 986 continuam
1848 920 1977 985 vim
2034 920 2291 985 vitalem
2349 920 2663 985 hauriunt.
2751 920 2825 985 In
2866 919 3001 998 his,

567 1027 787 1103 uis-pete
851 1022 1094 1087 Christo
1155 1022 1376 1086 intime
1436 1021 1648 1099 unitiS‚
1709 1021 1864 1087 vivit
1923 1020 2210 1086 Christus
2270 1020 2437 1104 (Gal.
2497 1023 2558 1098 2,
2623 1020 2755 1103 20.)
2811 1023 3006 1103 atque

567 1123 831 1207 Spiritus
895 1123 1030 1207 ejus
1091 1125 1396 1206 operatur,
1457 1120 1545 1186 ita
1601 1125 1672 1186 ut
1728 1122 1793 1187 in
1854 1122 1931 1186 iis
2000 1123 2092 1187 nil
2150 1122 2335 1201 adsit,
2394 1122 2555 1204 quod
2612 1121 3007 1187 damnationi

559 1225 890 1287 ebeexium
955 1225 1135 1288 esset.
1188 1261 1265 1269 —
1312 1224 1388 1287 In
1431 1222 1745 1289 nonnullis
1803 1218 2117 1289 codicibus
2178 1227 2323 1307 post
2379 1241 2595 1288 vocem
2636 1222 2845 1303 Ἰησοῦ
2884 1224 3002 1287 ad-

563 1327 687 1391 huc
735 1327 993 1407 legitur:
1036 1322 1118 1407 μή
1164 1324 1310 1387 κατὰ
1353 1323 1555 1407 σάρκα
1592 1330 2008 1405 περιπατοῦσιν
2054 1324 2206 1388 ἀλλὰ
2248 1324 2395 1387 κατὰ
2440 1329 2681 1406 πνεῦμα.
2732 1361 2803 1371 —-
2853 1323 2999 1402 Sed,

559 1447 747 1511 quum
799 1427 951 1491 haee
975 1426 1162 1493 verba
1183 1427 1248 1492 in
1275 1427 1604 1511 permultis
1646 1427 1899 1511 optimis
1924 1428 2240 1493 codicibus
2264 1426 2362 1512 (Β.
2392 1426 2457 1492 C.
2484 1428 2557 1491 D.
2585 1428 2660 1492 F.
2686 1425 2791 1511 G.)
2830 1426 2893 1490 et
2932 1426 3000 1490 in

556 1527 843 1611 *pluribus
891 1527 1420 1593 versionibus
1466 1527 1684 1612 (etiam
1729 1528 1793 1592 in
1838 1528 2204 1614 Vulgata
2270 1529 2447 1593 deest
2489 1546 2632 1612 pars
2691 1528 2997 1593 altera:

559 1631 707 1691 (Em-r}
735 1631 883 1691 ears}
907 1631 1154 1714 πνεῦμα)
1193 1646 1316 1694 non
1356 1628 1583 1709 adsint,
1637 1629 1925 1694 videntur
1959 1630 2275 1713 glossema
2315 1648 2472 1708 esse,
2509 1630 2718 1695 ortum
2755 1647 2827 1694 ex
2849 1646 2907 1695 v,
2932 1628 2995 1691 4.

763 1731 839 1799 V,
887 1731 943 1795 Ξ.
989 1730 1164 1809 „Lcoe
1207 1730 1364 1793 enim
1409 1728 1684 1815 Spiritus
1742 1731 1903 1795 vitae
1958 1731 2026 1795 in
2077 1730 2313 1796 Christo
2357 1732 2416 1796 J
2408 1752 2510 1795 esu
2572 1729 2861 1794 liberavit
2900 1751 2998 1792 me

559 1855 599 1895 a
643 1831 767 1915 tege
803 1832 1038 1919 peceati
1078 1841 1134 1896 ct
1174 1832 1447 1895 ''nortia“
1534 1831 1755 1897 Verbis
1806 1832 1906 1897 his
1953 1832 2061 1897 dat
2105 1852 2242 1897 cau
2263 1850 2465 1911 sam,
2531 1850 2641 1896 cur
2681 1831 2769 1895 nil
2814 1830 2995 1897 dam-

559 1935 827 1999 net-ienis
879 1935 963 1997 eit
998 1933 1061 1998 in
1099 1932 1452 1998 christianis
1494 1950 1636 1996 vere
1677 1933 1930 1998 talibus
1983 1971 2058 1979 ——
2107 1932 2272 2012 Quid
2310 1934 2393 1997 sit
2443 1934 2571 1997 lex
2615 1931 2993 2016 Spiritus

559 2035 823 2111 vitae,
871 2035 1048 2099 facile
1091 2035 1462 2117 intelligitur
1507 2053 1578 2098 ex
1623 2034 1933 2117 opposito:
1978 2035 2107 2099 lex
2150 2032 2469 2117 peccati
2532 2036 2611 2097 et
2674 2033 2994 2098 mortis,

559 2135 731 2203 Sient
787 2159 899 2219 per
971 2136 1172 2219 legem
1245 2135 1480 2220 peccati
1538 2134 1603 2199 et
1657 2135 1877 2199 mortis
1942 2135 2310 2219 intelligitur
2373 2135 2500 2199 vis
2569 2134 2995 2216 concupis-

559 2239 775 2303 eeuti
799 2259 883 2303 ee
931 2239 1149 2316 malae,
1197 2256 1354 2320 quae
1393 2236 1634 2301 homini
1670 2237 1944 2302 nondum
1984 2237 2343 2321 regenerato
2383 2236 2758 2314 dominatur,
2802 2236 2993 2317 atque

555 2339 619 2403 iu
667 2359 735 2403 ee
783 2343 1041 2403 mertem
1088 2339 1466 2420 corporalem
1524 2337 1587 2401 et
1647 2338 2032 2421 spiritualem
2093 2338 2393 2422 operatur,
2460 2338 2551 2402 ita
2592 2337 2812 2402 verba:
2859 2336 2993 2400 lex

559 2435 939 2523 Spiritus
982 2439 1209 2503 vitae
1267 2439 1557 2505 denotant
1602 2440 1757 2504 vim
1821 2458 1930 2504 seu
1993 2438 2577 2504 vivificantem
2623 2436 2991 2521 Spiritus

555 2543 827 2603 saneti
863 2539 1384 2619 efficaciam,
1412 2543 1539 2618 aut,
1566 2540 1660 2604 uti
1683 2539 1879 2606 dicere
1901 2558 2256 2623 possumuS,
2281 2539 2645 2623 gratiam
2684 2538 2991 2603 sancti-

557 2643 587 2703 f
599 2643 667 2703 ie
687 2659 719 2703 e
743 2663 779 2707 11
799 2643 823 2707 t
843 2663 871 2707 e
891 2663 988 2720 m,
1051 2659 1206 2724 quae
1260 2640 1485 2705 liberat
1531 2659 1568 2705 a
1611 2642 1866 2724 peccato
1912 2642 1975 2705 et
2016 2643 2215 2707 morte
2257 2640 2596 2725 (spirituali
2644 2643 2828 2723 atque
2882 2657 2986 2703 ae-

555 2743 755 2827 terua]
827 2763 895 2807 ae
963 2742 1156 2806 vitam
1225 2760 1433 2806 veram
1500 2741 1565 2806 in
1627 2742 1808 2807 nobis
1868 2742 2171 2825 operatur.
2230 2778 2315 2789 —-
2371 2741 2582 2807 Verba
2636 2743 2694 2802 ἐν
2739 2746 2987 2822 Χριστῷ

555 2843 759 2923 'sesae'
823 2843 1130 2927 pertinent
1184 2861 1336 2908 non
1396 2842 1474 2907 ad
1531 2849 1633 2923 τῆς
1690 2842 1854 2925 ζωῆς
1910 2842 2082 2927 (quia
2146 2844 2289 2908 dein
2350 2842 2651 2908 articulus
2695 2851 2806 2925 τῆς
2850 2861 2985 2907 esse

555 2947 807 3011 deberet
867 2948 1052 3011 ente
1112 2947 1168 3007 ἐν
1213 2943 1511 3027 Χριστῷ),
1559 2945 1665 3009 sed
1726 2945 1803 3009 ad
1862 2945 2118 3009 verbum
2178 2942 2559 3027 ἠλευθέρωσέ
2608 2943 2983 3028 (liberavit):

555 3047 619 3111 in
683 3047 1039 3111 Christo
1103 3047 1147 3112 J
1166 3064 1338 3125 esu,
1405 3046 1470 3110 in
1535 3046 1763 3110 unione
1828 3064 1971 3111 cum
2032 3046 2187 3129 ipso,
2254 3046 2555 3111 liberatur
2609 3046 2800 3112 homo
2843 3064 2881 3110 a
2921 3046 2982 3109 vi

551 3151 791 3232 peceati
855 3155 919 3215 et
979 3147 1234 3224 mortiet,
1297 3150 1433 3213 tum
1480 3147 1667 3225 enim,
1728 3148 1780 3213 si
1835 3147 2025 3213 homo
2071 3147 2321 3214 Christo
2376 3148 2599 3214 intime
2645 3148 2881 3226 unituS‚
2928 3146 2983 3209 ei

551 3251 975 3335 ineerperetue
1022 3253 1137 3331 est,
1188 3248 1474 3314 Christus
1518 3249 1584 3312 in
1630 3266 1700 3313 eo
1747 3249 1916 3328 vivit,
1962 3251 2249 3333 penetrat
2292 3253 2477 3333 atque
2510 3246 2795 3315 'vivificat
2839 3266 2979 3313 eum

555 3351 823 3435 Spiritus
847 3351 1079 3415 Christi
1115 3353 1177 3415 et
1216 3349 1443 3415 liberat
1485 3368 1522 3414 a
1557 3351 1867 3433 potestate
1891 3351 2151 3433 pcccati.
2204 3386 2274 3397 -——
2326 3350 2528 3417 Dicit:
2576 3349 2982 3416 liberavit

555 3471 615 3515 m
639 3471 703 3527 e,
767 3451 907 3535 quie
975 3451 1254 3516 liberatio
1311 3451 1419 3515 illa
1478 3450 1543 3515 in
1605 3451 2069 3535 regeneratione
2120 3451 2254 3536 jam
2316 3451 2545 3516 facta
2606 3453 2722 3517 est.
2816 3450 2979 3516 Nam

551 3555 711 3615 eleut
759 3555 819 3615 in
867 3551 1066 3635 eapite
1109 3569 1468 3634 praegresso
1511 3552 1576 3616 in
1622 3570 1767 3617 sua
1820 3570 2086 3636 persona
2131 3552 2542 3636 descripserat
2586 3553 2828 3617 statum
2872 3552 2978 3617 ho-

551 3655 735 3719 minis
783 3653 1123 3717 nendum
1187 3654 1703 3735 regenerati,
1770 3654 1860 3718 ita
1918 3654 2022 3719 hic
2081 3657 2318 3721 statum
2362 3655 2594 3732 novi,
2654 3670 2978 3737 regene-

551 3755 715 3819 rati
763 3752 1044 3839 depingit
1086 3752 1311 3818 iterum
1354 3754 1418 3818 in
1465 3774 1609 3819 sua
1653 3772 1933 3838 persona.

759 3855 827 3919 V.
879 3855 935 3919 3.
986 3853 1408 3940 „Impossibile
1451 3857 1607 3920 enim
1654 3856 1772 3942 lcyi
1815 3893 1892 3904 -—-
1939 3850 2026 3920 eo‘
2048 3856 2211 3943 quod
2252 3856 2505 3941 infirma
2546 3864 2683 3920 crat
2724 3863 2976 3941 propter

547 3979 791 4019 ece-rerem
839 3995 915 4003 —
963 3955 1154 4034 Deua,
1193 3963 1514 4039 postquam
1539 3956 1773 4021 Filium
1809 3980 1984 4021 suum
2025 3959 2191 4022 misit
2227 3959 2296 4022 in
2332 3957 2739 4023 similitudine
2775 3957 2976 4022 camis

539 4059 795 4143 peceati,
855 4067 911 4119 et
967 4055 1207 4141 quidem
1254 4067 1514 4141 propter
1556 4068 1896 4144 peccatum,
1961 4097 2037 4105 ——
2098 4059 2522 4124 condemnavit
2549 4068 2876 4146 peccatum
2912 4058 2973 4121 in

547 4167 791 4223 earne.“
835 4195 919 4203 —
963 4157 1164 4222 Versu
1206 4156 1323 4221 hoc
1369 4159 1431 4222 et
1473 4161 1753 4241 sequenti
1797 4162 1957 4226 clare
2002 4162 2271 4244 exponit,
2336 4181 2430 4244 qu
2451 4161 2732 4226 omodo
2779 4162 2841 4225 et
2882 4158 2969 4223 ad

547 4279 767 4343 quem
815 4259 875 4323 fi
899 4277 1068 4323 nem
1111 4258 1277 4323 facta
1322 4259 1405 4323 sit
1462 4260 1526 4323 in
1573 4260 1815 4325 Christo
1875 4263 2158 4327 liberatio
2215 4281 2252 4328 a
2294 4262 2601 4346 potestate
2647 4259 2967 4347 (dominio)

543 4363 799 4447 peceati.
855 4399 923 4407 —
975 4359 1038 4423 τὸ
1081 4356 1372 4423 ἀδύνατον
1414 4361 1474 4425 h.
1524 4362 1564 4426 1.
1615 4363 1986 4428 sumendum
2034 4367 2127 4428 est
2162 4363 2751 4443 substantive,
2794 4365 2964 4444 atque

539 4463 707 4531 idem
733 4463 1024 4531 veletecz
1067 4461 1378 4547 ἀδυναμία,
1427 4463 1963 4549 impotentia,
2009 4463 2613 4544 imbecillitas,
2662 4463 2964 4545 simulque
