3234 4992
563 233 686 299 118
1568 226 1680 279 Gap.
1705 226 1833 269 vm.
1859 236 1907 267 V.
1932 225 1973 267 4.

572 424 872 503 tanquam
915 433 1092 481 reum
1132 413 1482 498 iniquitatis
1527 412 1842 499 (peccati),
1888 414 2049 496 quod
2094 413 2323 497 injuste
2362 413 2758 479 insurrexerit
2791 416 2994 478 contra

565 520 914 597 Christum,
977 519 1364 598 mortemque
1422 514 1737 579 innocenti
1796 516 1860 579 et
1920 515 2153 579 insonti
2196 515 2512 592 intulerit,
2592 516 2827 580 idcirco
2891 516 2989 579 do-

567 621 762 686 minio
809 637 920 685 suo
964 621 1291 703 peccatum
1353 620 1451 682 est
1494 617 1806 701 privatum
1852 619 1914 681 et
1938 606 2117 700 juste
2164 617 2550 682 damnatum.
2595 654 2681 665 —
2723 616 2862 699 Ipsi
2905 636 2994 680 ex-

538 717 868 807 *positioni
909 720 1054 785 huic
1099 718 1349 803 quidem
1394 718 1484 783 nil
1529 718 1627 783 est
1670 718 2162 794 obmovendum3
2224 718 2321 782 ast
2376 718 2629 782 obstant
2675 719 2730 782 ei
2782 717 2994 782 diffi-

567 824 939 889 cultates
983 820 1218 885 multae
1263 819 1966 903 grammaticales.
2058 819 2366 897 Primum,
2426 821 2631 883 stante
2689 818 2813 884 hac
2859 836 2995 883 con-

571 926 906 990 structione
946 926 1009 987 et
1045 921 1440 1006 expositione,
1487 920 1812 1004 participio
1849 921 2095 1001 πέμψας
2138 921 2395 1004 eripitur
2432 920 2693 986 verbum
2731 920 2992 997 finitum,

577 1030 640 1091 et
700 1026 790 1091 sic
852 1024 1164 1090 anomalia
1225 1022 1699 1087 constructionis
1767 1023 2057 1106 augetur3
2118 1041 2265 1086 nam
2319 1025 2457 1087 tum
2502 1023 2690 1088 debet
2733 1022 2993 1105 suppleri

569 1130 713 1195 ante
759 1126 793 1190 ὁ
834 1126 990 1198 θεᾶς
1049 1125 1312 1191 verbum
1370 1127 1621 1205 ποίησε,·
1681 1124 1985 1208 particula
2044 1126 2139 1186 καὶ
2192 1126 2335 1189 dein
2394 1142 2644 1207 prorsus
2693 1123 2994 1207 superflua

570 1235 847 1315 apparet.
879 1267 951 1279 —·
983 1227 1367 1311 Quapropter
1403 1227 1509 1292 alii
1543 1226 1716 1310 (cum
1757 1226 2080 1291 Joanne
2115 1226 2616 1291 Damasceno
2656 1226 2719 1289 et
2756 1224 2990 1289 Theo-

570 1331 991 1415 phfflaete]
1055 1329 1268 1394 verba:
1329 1332 1425 1391 καὶ
1469 1331 1599 1410 περὶ
1658 1326 1948 1409 ἁμαρτίας
2008 1330 2386 1392 connectunt
2445 1345 2589 1392 cum
2644 1344 2991 1411 praegresso

574 1435 903 1519 partieipia
947 1435 1210 1512 πέμψας,
1271 1430 1360 1495 ita
1421 1432 1493 1495 ut
1535 1430 1649 1494 illa
1691 1429 1724 1493 f
1732 1429 1809 1493 in
1830 1448 1943 1493 em
1991 1428 2419 1512 exprimerent,
2475 1428 2553 1493 ob
2600 1447 2790 1510 quem
2836 1428 2991 1491 Deus

573 1535 803 1599 Filiam
851 1555 1031 1599 annm
1078 1531 1334 1610 miserit,
1381 1535 1446 1596 et
1489 1548 1767 1615 praepos.
1816 1534 1949 1612 περὶ
1991 1533 2241 1594 vertunt
2285 1548 2425 1613 per:
2485 1532 2844 1613 propter
2887 1527 2992 1610 (uti

570 1639 751 1703 Jean.
803 1639 903 1715 10,
951 1632 1099 1719 33.),
1144 1634 1236 1697 ita
1279 1633 1349 1697 ut
1393 1652 1619 1710 sensus
1662 1635 1862 1696 esset:
1918 1631 2086 1696 Deus
2131 1631 2308 1695 misit
2349 1631 2582 1695 Filium
2630 1649 2819 1695 suum
2866 1646 2987 1712 pec-

570 1739 695 1803 eati
719 1739 1023 1811 abolendi,
1051 1734 1481 1819 exstinguendi
1517 1751 1725 1811 causa,
1753 1752 1893 1798 seu:
1938 1733 2453 1816 ntpeccatum
2497 1733 2988 1803 devinceret,

579 1843 651 1903 nt
699 1839 1043 1903 demininrn
1079 1838 1322 1921 peccati
1366 1836 1713 1901 destrueret
1751 1834 1958 1917 (Joan.
2008 1836 2105 1912 12,
2130 1835 2372 1913 31;16‚
2403 1834 2550 1919 11.).
2598 1834 2722 1898 Hic
2759 1833 2882 1898 loci
2922 1831 2987 1895 ab

574 1939 851 2023 apaeteln
895 1939 1162 2003 electum
1206 1939 1302 2003 est
1342 1937 1602 2002 verbum
1648 1940 1971 2017 κατακρίνω
2017 1936 2209 2000 relate
2268 1936 2346 1999 ad
2404 1954 2617 2000 vocem
2676 1932 2989 2015 κατάκριμα

570 2043 655 2123 [rr.
687 2043 799 2123 1.];
847 2043 911 2103 et
959 2042 1102 2123 qnia
1145 2040 1210 2105 in
1253 2039 1371 2104 hoc
1405 2038 1590 2104 verbo
1638 2057 1827 2104 causa
1871 2056 1979 2122 pro
2011 2037 2230 2102 effectu
2274 2037 2478 2120 posita
2522 2038 2638 2116 est,
2688 2037 2989 2122 significat

570 2143 683 2207 hee
727 2143 983 2207 verbnm
1023 2143 1200 2223 juxta
1245 2159 1496 2205 sensum
1559 2140 1728 2205 idem
1775 2141 1936 2223 quod
1980 2145 2293 2221 καταργεῒν,
2352 2139 2795 2204 destruere
2840 2137 2985 2221 (scil.

574 2223 919 2307 demininrn
979 2241 1258 2324 peccati).
1303 2276 1390 2289 —
1440 2240 1741 2305 Nonnulli
1799 2241 2021 2306 horum
2084 2242 2485 2323 interpretum
2546 2239 2657 2320 τήν
2719 2240 2986 2320 α’μαρτώιν

574 2343 963 2427 eenjnngunt
1007 2359 1148 2405 eum
1191 2341 1396 2406 verbis
1443 2343 1500 2402 ἐκ
1549 2346 1629 2425 τῇ
1669 2345 1859 2423 σαρκὶ,
1924 2344 2111 2424 atque
2156 2342 2318 2406 hunc
2377 2341 2660 2406 statuunt
2717 2359 2986 2406 sensum:

583 2443 923 2507 Damnavit
955 2442 1280 2527 peccatum
1324 2462 1433 2508 seu
1467 2444 2026 2529 concupiscentiam
2060 2444 2125 2508 in
2152 2462 2331 2508 carne
2364 2443 2455 2528 (in
2498 2444 2671 2526 parte
2708 2438 2983 2522 sensuali)

583 2547 971 2611 habitantem
1043 2544 1105 2607 et
1162 2544 1508 2610 dominium
1569 2565 1753 2610 snum
1815 2548 2233 2623 exercentem,
2294 2547 2598 2626 quatenus
2657 2542 2984 2609 dominium

574 2647 711 2731 ejus
755 2647 1058 2723 abolerit3
1103 2646 1211 2710 sed
1253 2647 1390 2710 tum
1423 2647 1675 2712 deberet
1720 2665 1885 2711 esse:
1930 2645 2038 2728 τήν
2083 2650 2141 2707 ἐν
2182 2650 2258 2729 τῇ
2301 2648 2488 2728 σαρκὶ.
2529 2683 2602 2692 -
2651 2644 2857 2725 Quare
2898 2640 2983 2707 alii

570 2747 795 2811 rerba:
843 2751 899 2807 ἐν
943 2751 1019 2831 τῇ
1043 2748 1212 2827 σαρκὶ
1244 2748 1628 2831 conjungunt
1664 2767 1807 2813 cum
1834 2747 2019 2812 verbo
2045 2750 2347 2832 κατέκρινε,
2396 2750 2459 2812 et
2480 2767 2591 2831 per
2613 2765 2830 2812 vocem
2853 2740 2984 2823 σὰρξ

583 2851 939 2935 intelligunt
983 2852 1274 2935 eorpus
1309 2848 1633 2915 Christi
1680 2869 2052 2933 suspensum
2101 2853 2163 2914 et
2206 2850 2645 2916 mortificatum
2693 2849 2761 2913 in
2806 2864 2979 2914 cruce.

570 2951 691 3015 Per
747 2971 991 3015 earnem
1015 3003 1031 3027 ,
1089 2969 1308 3034 corpus
1367 2949 1598 3015 Christi
1662 2951 2172 3030 immaculatum,
2241 2953 2402 3034 quod
2457 2969 2567 3036 pro
2628 2952 2883 3034 peccato
2930 2947 2979 3010 in

574 3055 943 3119 sacrifieinrn
995 3043 1236 3130 abtulit,
1300 3053 1623 3137 peccatum
1687 3055 1820 3117 erat
1864 3053 2230 3118 damnatum
2275 3056 2338 3117 et
2383 3053 2771 3118 destructum
2820 3056 2980 3133 atque

574 3155 915 3219 dominium
983 3155 1109 3239 ejus
1175 3154 1479 3219 abolitum
1542 3148 1893 3237 (chHebr.
1952 3155 2011 3232 9,
2066 3156 2218 3239 26).
2285 3155 2487 3233 Nam,
2552 3154 2712 3219 sicut
2772 3149 2981 3219 Christi

574 3275 775 3320 mere
835 3259 963 3319 erat
1023 3275 1232 3322 mors
1291 3255 1590 3333 omnium,
1653 3256 1758 3339 qui
1816 3274 1887 3319 ex
1959 3274 2029 3319 eo
2085 3275 2227 3320 vere
2283 3256 2625 3339 regenerati
2669 3257 2857 3332 sunt3
2911 3251 2981 3316 ita

570 3355 763 3419 etiam.
819 3355 951 3439 ejne
1007 3359 1082 3421 de
1136 3361 1387 3441 peccato
1443 3356 1797 3421 victoria
1858 3357 1990 3421 erat
2045 3356 2402 3422 victoria
2458 3356 2739 3420 omnium
2799 3375 2872 3421 ex
2923 3368 2978 3416 eo

574 3463 1094 3539 regeneratorum.
1182 3458 1517 3522 Peccatum
1580 3458 1829 3539 quidem
1888 3458 1960 3521 ut
2020 3458 2115 3521 vis
2176 3458 2252 3522 ad
2312 3458 2553 3522 malum
2609 3458 2879 3522 incitans
2930 3455 2980 3516 et

570 3559 819 3623 tentans
879 3559 978 3643 (nt
1035 3558 1751 3642 concupiscentia)
1813 3558 2003 3623 etiam
2063 3559 2129 3624 in
2187 3559 2563 3643 regeneratis
2611 3559 2814 3624 adhuc
2860 3574 2977 3643 per-

574 3663 775 3739 durat,
827 3659 931 3723 aed
979 3659 1322 3723 dominium
1366 3660 1500 3742 ejus
1545 3660 1826 3724 ablatum
1872 3660 1984 3724 est.

783 3763 855 3823 V.
903 3763 963 3823 4.
1031 3759 1168 3839 „Ut
1209 3768 1498 3823 statutum
1555 3758 1702 3845 leyis
1742 3758 2095 3845 impleretur
2136 3761 2207 3824 in
2250 3760 2486 3825 nobi3.“
2550 3761 2744 3826 Hisce
2802 3758 2974 3830 docet,

574 3883 807 3947 quern
867 3863 947 3927 in
1003 3862 1259 3926 finem
1304 3860 1450 3946 (ἱνα)
1494 3862 1665 3926 Deus
1708 3864 2036 3944 peccatum
2092 3863 2157 3927 in
2202 3882 2381 3928 carne
2430 3862 2666 3929 Christi
2710 3864 2977 3927 condem-

579 3963 819 4027 naverit
879 3983 984 4027 een
1035 3961 1375 4027 dominium
1421 3962 1552 4044 ejus
1613 3963 2001 4029 destruxerit.
2069 3962 2245 4029 Finis
2295 3968 2455 4044 erat,
2520 3965 2709 4044 dicit,
2773 3967 2845 4029 ut
2886 3977 2974 4027 nos

570 4067 779 4147 legen]
827 4062 1176 4150 (meralem)
1231 4064 1753 4148 adimpleremus..
1795 4103 1882 4112 —
1936 4070 2227 4145 δικαίωμα
2272 4069 2368 4132 est
2422 4066 2481 4130 h.
2528 4067 2569 4130 1.
2618 4064 2718 4148 (ut
2760 4066 2821 4144 2,
2865 4060 2974 4141 26.)

574 4167 1019 4243 atatntnrn3
1083 4166 1233 4230 dicit
1273 4166 1337 4229 in
1383 4166 1799 4250 singulari
1844 4186 2119 4247 numero,
2169 4170 2313 4253 quia
2358 4168 2681 4234 collective
2724 4167 2973 4251 positum

574 4271 687 4343 eet,
735 4267 827 4331 nti
871 4267 939 4327 τὸ
983 4267 1150 4349 ἔργον
1195 4267 1282 4351 (2,
1332 4268 1479 4351 15),
1534 4268 1626 4333 ita
1669 4271 1740 4332 ut
1784 4269 2070 4353 designet
2112 4272 2499 4354 complexum
2547 4270 2829 4334 omnium
2872 4270 2974 4333 sta-

574 4371 851 4435 tutorum
919 4391 1027 4435 aen
1086 4371 1524 4435 mandatorum
1589 4371 1745 4455 legis
1807 4373 2075 4437 moralis.
2138 4409 2217 4420 —
2275 4372 2553 4437 Verbum
2619 4372 2972 4453 πληροῦσθαι

574 4471 859 4555 designat
903 4471 1179 4551 totalem,
1241 4472 1574 4563 plenam
1637 4471 2163 4559 adimpletionem.
2212 4511 2296 4522 ——
2344 4472 2627 4546 Christus
2670 4474 2970 4540 victoriam
