3234 4992
593 248 720 314 240
1549 250 1661 301 0⁸12.
1686 250 1781 291 xv.
1807 261 1855 292 v.
1880 252 2049 293 u-n.

595 436 759 501 esset
799 454 1053 501 necesse
1112 436 1280 499 istud
1333 437 1725 501 annunciare.
1782 474 1868 483 —
1926 435 2361 516 „Deeiderium
2419 442 2621 497 autem
2673 430 2913 495 habeam
2950 453 2985 492 a

591 536 801 600 multia
847 539 993 627 jam
1056 538 1240 599 annis
1302 537 1390 599 ad
1451 560 1556 601 vos
1618 539 1979 619 veniendi;“
2036 538 2211 621 quasi
2272 536 2532 601 diceret:
2598 534 2678 597 Et
2737 550 2917 615 quum
2956 551 2987 594 a

596 639 815 703 multis
857 639 985 719 jam
1034 637 1211 701 8111118
1256 639 1539 703 ardenter
1583 639 1921 705 desiderem
1970 640 2049 704 ad
2094 657 2204 702 vos
2248 637 2479 702 venire.

801 737 874 801 V.
920 739 1021 801 24.
1066 737 1380 817 „Quando
1423 740 1491 802 in
1535 739 1913 825 Hispaniam
1963 740 2339 826 proficiscor,
2400 758 2598 823 spem,
2654 756 2746 797 me
2800 753 2899 795 vos
2933 731 2991 793 in

593 839 860 902 transitu
911 837 1181 901 videre.“
1266 839 1530 904 Volebat
1575 842 1764 919 enim,
1832 839 2125 906 Corintho
2192 840 2427 917 relicta,
2506 840 2625 903 iter
2687 836 2883 899 facere
2936 832 2992 894 in

592 939 962 1023 Hispaniam
1006 958 1114 1021 per
1155 939 1440 1005 Romam.
1521 938 1605 1011 ὥς
1649 939 1755 1002 ἐάν
1798 942 1969 1005 valet
2009 942 2177 1006 idem
2221 960 2293 1005 ac
2334 938 2491 1017 ὁταν,
2549 936 2879 1022 quando.
2928 970 2989 979 -

593 1041 802 1105 Verba
857 1038 1165 1119 ἐλεύσομαι
1229 1040 1380 1119 πρὸς
1441 1041 1610 1122 ὑμᾶς,
1680 1061 1836 1124 (11188
1904 1045 2045 1125 post
2108 1060 2313 1107 vocem
2383 1042 2653 1101 Σπανίαν
2719 1038 2787 1100 111
2843 1036 2997 1097 textu

592 1142 840 1225 recepto
882 1142 1190 1224 leguntur,
1251 1143 1475 1207 desunt
1516 1144 1581 1207 in
1628 1143 1941 1207 codicibus
1985 1141 2441 1225 antiquissimis
2498 1138 2780 1224 (A-G),
2841 1153 2997 1217 porro

595 1243 659 1307 111
705 1241 1014 1326 plerisque
1059 1242 1328 1325 antiquis
1385 1243 1792 1309 versionibus.
1880 1243 2089 1309 Etiam
2150 1243 2367 1310 vocula
2422 1244 2533 1323 γάρ
2592 1244 2739 1325 post
2798 1234 2998 1307 ἐλπίζω

596 1360 722 1407 11011
766 1343 998 1425 legitur
1059 1342 1121 1407 in
1181 1344 1490 1409 codicibus
1531 1346 1598 1409 F.
1649 1344 1745 1421 G„
1808 1346 1902 1409 uti
1960 1364 2071 1410 nec
2130 1345 2195 1409 in
2258 1345 2565 1427 plerisque
2624 1338 2999 1407 versionibus

593 1444 881 1527 antiquis.
928 1481 1011 1491 —
1058 1446 1185 1523 „Et
1225 1468 1267 1508 a
1309 1445 1476 1509 vobis
1517 1446 1667 1509 illuc
1710 1444 1931 1509 deduci
1943 1451 2009 1526 ,·“
2063 1447 2099 1509 i.
2148 1466 2200 1509 e.
2248 1448 2311 1510 et
2355 1463 2393 1509 a
2434 1445 2607 1509 vobis
2662 1444 2733 1506 in
2776 1440 2993 1520 Hispa-

595 1547 767 1609 niam
813 1545 1048 1624 deduci‚
1096 1546 1584 1613 subministratis
1640 1548 1830 1611 etiam
1875 1547 2077 1623 rebus,
2136 1547 2216 1611 ad
2275 1546 2395 1611 iter
2439 1545 2754 1629 agendum
2798 1558 2999 1606 neces-

593 1647 788 1713 881118.
876 1656 1260 1728 προπεμπεῒν,
1305 1649 1602 1713 deducere
1648 1648 1926 1731 (honoris
1970 1647 2204 1732 causa),
2252 1650 2316 1712 et
2338 1647 2480 1711 dein
2524 1646 2828 1710 deducere
2870 1639 3001 1705 sub-

592 1748 968 1815 ministratis
1013 1750 1222 1825 rebuS,
1268 1749 1346 1813 ad
1387 1750 1506 1813 iter
1565 1750 1879 1833 agendum
1922 1748 2303 1814 necessariis
2367 1785 2454 1797 —
2516 1745 2637 1826 „Si
2675 1744 2851 1809 vobis
2880 1740 3001 1827 pri-

588 1870 753 1911 mum
797 1871 873 1914 eoe
920 1859 1108 1935 parte
1162 1850 1426 1913 satiatus
1465 1848 1726 1934 fuero.“
1814 1850 1965 1914 Vult
2030 1851 2267 1913 dicere:
2332 1849 2673 1931 Postquam
2728 1846 2903 1929 prius
2942 1860 3003 1904 811

591 1953 800 2014 vestra
840 1951 979 2027 fide,
1042 1950 1342 2015 charitate
1387 1954 1449 2015 et
1493 1951 1953 2015 conversatione
2012 1950 2401 2033 aliquatenus
2459 1948 2685 2033 gaudio
2752 1946 3000 2011 affectus

591 2056 654 2115 et
699 2056 1008 2117 recreatus
1053 2052 1239 2119 fuero.
1295 2089 1368 2099 -—
1417 2052 1733 2133 ἐμπλῇθω,
1778 2054 2007 2135 expleo,
2054 2052 2227 2116 satie.
2319 2050 2642 2117 Satiari
2687 2068 2803 2113 seu
2847 2043 3001 2110 frui

590 2152 794 2236 aliquo
863 2152 1152 2238 (Philem.
1224 2174 1280 2219 ν.
1326 2151 1456 2239 20.)
1519 2159 1612 2219 est
1679 2154 1977 2237 gaudium
2041 2172 2257 2236 capere
2322 2173 2393 2217 ex
2458 2149 2906 2217 consuetudine
2946 2150 3001 2207 et

591 2255 1049 2319 conversatione
1114 2274 1259 2319 cum
1333 2256 1559 2338 aliquo,
1642 2256 1903 2337 indeque
1980 2255 2353 2320 recreari.
2444 2255 2612 2319 Dum
2678 2251 2865 2315 dicit:
2930 2266 3003 2311 ex

590 2357 848 2437 parte,
895 2355 1204 2439 significat
1249 2357 1536 2421 desiderii
1583 2356 1686 2439 sui,
1724 2356 2245 2439 magnitudinem,
2306 2356 2482 2439 quasi
2542 2353 2813 2419 diceret:
2875 2348 3004 2413 Non

591 2459 892 2536 quantum
938 2457 1270 2535 vellem,
1317 2459 1425 2522 sed
1469 2462 1772 2541 quantum
1817 2457 2132 2521 licebit.

797 2555 874 2619 V.
919 2556 1024 2621 25.
1089 2557 1320 2635 „Nunc
1396 2558 1585 2643 iyitur
1638 2558 1999 2644 proficiscor
2064 2556 2590 2641 Hierosolymam,
2653 2554 3005 2617 ministrans

589 2656 879 2718 sanctis.“
967 2656 1117 2720 Vult
1163 2658 1394 2722 dicere:
1458 2658 1639 2723 Nunc
1700 2676 1859 2736 vero,
1924 2659 2282 2741 priusquam
2344 2658 2408 2721 iu
2465 2655 2843 2739 Hispaniam
2898 2652 3003 2714 iter

589 2776 802 2821 meum
845 2756 1188 2835 instituam,
1239 2759 1300 2822 in
1347 2776 1417 2823 eo
1461 2778 1622 2838 sum,
1670 2760 1741 2823 ut
1782 2758 2136 2841 proficiscar
2180 2758 2679 2840 Hierosolymam
2743 2756 2824 2819 ad
2870 2768 3000 2817 suc-

588 2859 958 2923 currendum
1007 2859 1247 2942 inopiae
1273 2860 1750 2924 christianorum
1791 2860 2521 2943 Hierosolymitanorum‚
2567 2858 3000 2938 eleemosynae,

589 2960 652 3023 in
698 2959 957 3025 Graecia
1001 2961 1063 3024 et
1083 2959 1448 3025 Macedonia
1491 2962 1805 3039 collectas,
1844 2961 1931 3024 eis
1963 2961 2330 3044 perlaturus
2382 2997 2456 3005 —-
2505 2957 2668 3038 Quia
2691 2956 3001 3041 apostolus

589 3060 767 3125 dicit:
834 3060 1054 3127 Nunc
1112 3061 1657 3144 proficiscor,
1717 3063 1909 3145 patet,
1974 3063 2305 3145 epistolam
2380 3062 2543 3125 hanc
2616 3060 2794 3124 brevi
2870 3056 3003 3121 81118

587 3162 931 3227 discessum
978 3163 1111 3246 ejus
1158 3183 1228 3227 ex
1273 3163 1423 3227 urbe
1469 3162 1762 3228 Corintho
1810 3163 2109 3246 scriptam
2153 3163 2352 3227 fuisse
2396 3162 2461 3244 (a
2504 3163 2604 3227 59.
2657 3160 2845 3243 vere).

789 3264 864 3328 V.
923 3265 1022 3329 26.
1079 3263 1499 3329 Probaverunt
1557 3266 1716 3328 enim
1763 3264 2135 3329 Macedonia
2191 3274 2247 3328 et
2300 3263 2564 3343 Achaia,
2630 3261 3004 3326 collationem

587 3364 863 3449 aliquam
909 3364 1133 3450 facere
1194 3367 1260 3429 i‘n
1313 3388 1624 3453 pauperes
1686 3376 2053 3445 sanctorum,
2108 3367 2216 3451 qui
2272 3376 2413 3429 sunt
2470 3364 2931 3449 Hierosolymae
2943 3365 3002 3441 ‚·“

589 3465 626 3528 1.
691 3485 742 3529 8.
803 3467 1040 3548 placuit
1095 3468 1390 3532 nimirum
1435 3468 1881 3533 Macedonibus
1937 3472 1999 3532 et
2057 3468 2324 3533 Achaeis
2386 3468 2763 3545 christianis,
2825 3483 3001 3549 pecu-

592 3567 854 3630 niariam
921 3569 1188 3651 aliquam
1268 3569 1470 3634 facere
1551 3570 1951 3634 collationem
2032 3588 2141 3652 pro
2208 3569 2586 3653 pauperibus
2653 3564 2999 3633 christianis

587 3664 1190 3751 Hierosolymitanis.
1247 3669 1367 3751 (Of.
1433 3661 1568 3735 Act.
1638 3672 1738 3748 24,
1808 3672 1953 3755 17.).
2040 3668 2149 3752 γὰρ
2217 3671 2280 3735 h.
2339 3672 2379 3734 l.
2450 3669 2866 3735 nimirum.
2928 3698 2996 3709 --

586 3771 878 3848 κοινωνία,
925 3770 1183 3835 collatio.

790 3869 864 3934 V.
910 3871 1012 3934 27.
1058 3870 1528 3948 „Probaverunt
1557 3875 1781 3953 enim“,
1824 3874 1862 3939 i.
1886 3894 1936 3937 e.
1983 3873 2237 3956 placuit,
2281 3874 2559 3955 inquam,
2607 3872 2713 3936 eis,
2757 3908 2843 3917 —
2880 3868 2998 3949 „Et

587 3968 882 4033 debitores
923 3980 1064 4033 sunt
1103 3992 1307 4034 eorum
1318 3977 1383 4051 ;“
1428 3974 1602 4055 quasi
1648 3975 1910 4039 diceret:
1971 3974 2052 4038 Et
2104 3975 2275 4058 juste
2337 3974 2571 4057 placuit
2632 3972 2722 4037 eis
2776 3974 2865 4037 ita
2904 3970 2993 4033 fa-

585 4089 738 4148 cere,
799 4071 944 4153 quia
1002 4072 1308 4137 debitores
1373 4077 1518 4137 sunt
1578 4094 1789 4140 eorum
1849 4076 2176 4159 (nimirum
2238 4076 2460 4141 debito
2504 4074 2901 4159 gratitudinis
2939 4072 2991 4133 et

590 4171 896 4253 justitiae,
965 4174 1057 4237 uti
1103 4176 1424 4257 sequentia
1468 4176 1732 4260 docent).
1820 4178 2044 4241 Verbis
2107 4177 2205 4242 his
2267 4179 2403 4241 vult
2463 4177 2777 4259 apostolus
2839 4176 2992 4257 ipsos

583 4271 986 4337 Romanos
1032 4274 1294 4338 excitare
1341 4276 1420 4339 ad
1465 4278 1945 4341 succurrendum
2004 4277 2357 4342 christianis
2399 4275 2989 4360 Hierosolymitanis

587 4408 663 4418 ——
723 4374 941 4451 „Nam
1005 4375 1062 4437 ai
1119 4375 1539 4458 spiritualium
1603 4398 1807 4439 eorum
1858 4378 2201 4464 participes
2248 4377 2475 4463 factae
2532 4387 2672 4442 suut
2733 4378 2995 4463 yente8‚·“

587 4472 764 4555 quasi
808 4474 1070 4538 diceret:
1133 4474 1199 4538 Si
1261 4476 1430 4540 enim
1473 4477 1741 4559 gentiles
1788 4477 2132 4559 spiritualia
2175 4478 2220 4543 J
2222 4478 2562 4544 udaeorum
2608 4481 2771 4545 bona
2814 4475 2993 4563 parti-
