3234 4992
1319 274 1431 326 Gap.
1455 275 1496 318 1.
1520 284 1568 316 v·
1591 273 1635 318 5·
2612 277 2693 346 19

268 460 526 522 natus
573 460 705 522 est
747 457 944 522 Filius
991 458 1106 522 Dei
1149 462 1270 524 etc.
1314 462 1386 524 ut
1429 478 1650 525 sensus
1696 460 1815 525 sit:
1860 459 1981 540 Qui
2026 460 2358 546 (Christus)
2402 467 2473 528 ut
2504 464 2691 530 homo

262 559 344 622 ab
389 560 640 624 aeterno
682 557 1178 640 praedestinatus
1222 563 1319 624 est
1365 578 1404 623 a
1447 560 1575 626 Deo
1634 561 1715 625 ad
1778 561 2239 644 hypostaticam
2304 582 2447 628 cum
2514 564 2685 647 Logo

266 659 590 736 unionem,
638 676 781 741 ergo
825 659 902 722 ad
946 678 1181 738 verum,
1228 661 1577 724 naturalem
1622 660 1855 726 Filium
1899 662 2037 726 Dei.
2123 661 2251 726 Ast
2292 664 2693 746 explicationi

265 759 416 823 huic
457 777 585 824 non
629 762 878 824 tantum
921 759 1125 824 obstat
1153 760 1410 825 verbum
1459 758 1669 841 ὁρὶζω,
1713 761 1877 842 quod
1898 761 1963 826 in
1986 780 2031 826 s.
2062 762 2365 846 scriptura
2386 781 2693 846 nusquam

263 858 588 941 significat
629 859 1298 942 praedestinare,
1347 861 1454 924 sed
1479 861 1668 925 etiam
1692 862 1877 925 verba
1902 862 2255 944 sequentia:
2294 863 2372 927 in
2401 863 2694 928 virtute

262 961 718 1026 secundum
763 957 1168 1042 Spiritum
1213 960 1931 1026 sanctificationis
1964 980 2050 1024 ex
2078 963 2695 1028 resurrectione

260 1064 809 1139 mortuorum,
856 1078 1029 1142 quae,
1079 1062 1284 1125 stante
1333 1061 1462 1140 illa,
1507 1061 1676 1125 haud
1722 1067 1863 1143 apte
1908 1060 2126 1143 exponi
2188 1065 2473 1143 possunt;
2535 1063 2696 1145 quod

254 1162 394 1244 jam
440 1159 587 1224 inde
631 1161 841 1244 potest
880 1159 1166 1242 intelligi,
1214 1161 1358 1243 quia
1400 1160 1766 1243 interpretes
1810 1161 1995 1225 latini
2036 1161 2104 1225 in
2148 1161 2273 1225 illis
2314 1161 2693 1244 explicandis

263 1263 541 1326 maxime
585 1261 932 1344 divergunt,
980 1260 1043 1324 et
1086 1261 1242 1338 ideo,
1287 1264 1358 1325 ut
1404 1263 1586 1344 aptus
1615 1261 1886 1344 prodiret
1910 1279 2153 1338 86118118,
2200 1260 2409 1326 verbis
2434 1280 2481 1326 s.
2516 1261 2692 1326 Pauli

265 1362 506 1445 aliquid
551 1361 853 1426 addere
898 1360 1146 1440 debent,
1191 1379 1246 1426 v.
1273 1381 1328 1426 6.·
1351 1362 1416 1425 61
1435 1363 1507 1426 ut
1526 1362 1671 1426 talis
1714 1363 1995 1445 patuit
2036 1365 2175 1425 tum
2217 1380 2328 1444 per
2349 1363 2695 1445 potentiam

261 1463 730 1540 miraculorum,
775 1461 913 1526 tum
957 1462 1075 1525 etc.
1102 1510 1117 1526 .
1161 1496 1246 1508 —
1288 1461 1482 1539 „Jcsu
1533 1459 1792 1540 Ckm‘sto,
1834 1463 2101 1526 Domino
2144 1467 2413 1526 ηοεινοέί
2480 1461 2690 1527 Verba

261 1564 422 1628 haec
464 1564 802 1627 nectuntur
843 1579 986 1625 cum
1046 1561 1554 1644 praecedentibus
1605 1563 1705 1646 ¹(v.
1751 1562 1877 1646 2.):
1947 1563 2042 1626 (16
2106 1563 2327 1627 Filio
2393 1580 2564 1640 suo,
2633 1566 2696 1627 et

261 1662 429 1744 quod
472 1662 820 1744 interjacet,
888 1661 1244 1744 parenthesi
1307 1663 1751 1727 includendam
1819 1666 1933 1727 est.
1988 1699 2063 1709 —
2114 1663 2399 1728 Christus
2464 1663 2693 1728 dicitur

266 1763 695 1839 Dominus,
764 1764 1067 1844 quatenus
1125 1763 1230 1827 ille
1274 1781 1384 1845 per
1443 1781 1625 1827 suam
1666 1763 2085 1828 obedientiam
2128 1782 2324 1846 usque
2370 1764 2447 1828 ad
2493 1763 2693 1828 crucis

263 1865 535 1928 mortem
579 1863 756 1927 Patri
797 1863 1162 1944 praestitam
1206 1881 1319 1926 nos
1365 1883 1398 1926 e
1443 1861 1745 1928 servitute
1791 1863 2038 1943 diaboli,
2085 1864 2325 1945 peccati
2368 1867 2429 1928 et
2468 1863 2691 1928 mortis

259 1963 526 2027 redemit
582 1962 824 2045 sibique
885 1962 1222 2027 vindicavit
1265 1963 1330 2026 in
1373 1980 1531 2048 novo
1595 1980 1785 2046 regno
1854 1980 1963 2028 suo
2030 1965 2097 2027 in
2161 1964 2457 2046 populum
2503 1981 2689 2046 pecu-

263 2063 489 2128 liarem
512 2112 528 2140 ,
597 2062 776 2145 cujus
846 2063 1100 2146 proinde
1125 2112 1140 2141 ,
1218 2066 1522 2145 quatenus
1587 2064 1772 2129 homo
1798 2112 1813 2141 ,
1880 2063 2187 2154 Dominus
2251 2063 2505 2128 effectus
2572 2063 2693 2138 sit;

265 2166 333 2228 et
377 2166 686 2246 quatenus
733 2163 789 2227 ei
855 2164 935 2227 ad
995 2165 1310 2228 dexteram
1378 2165 1495 2228 Dei
1559 2165 1828 2229 exaltato
1893 2164 2083 2229 Pater
2146 2164 2355 2229 omnia
2421 2163 2689 2246 subjecit

262 2265 523 2347 (Ephes.
555 2267 612 2342 1,
642 2263 738 2328 19.
790 2261 916 2329 Ool.
946 2265 1002 2344 1,
1031 2264 1176 2348 18.).
1223 2303 1308 2310 —
1333 2263 1624 2329 Ceterum
1649 2265 1891 2330 verbis:
1936 2265 1978 2330 J
1996 2284 2136 2329 esu
2158 2283 2219 2344 s,
2269 2262 2653 2328 Christus
2677 2312 2693 2341 ‚

261 2365 661 2430 Dominus
734 2364 1020 2452 designat
1059 2367 1377 2447 apostolus
1425 2364 1745 2430 Christum
1791 2365 1857 2428 in
1902 2365 2035 2448 ejus
2080 2365 2315 2448 triplici
2369 2365 2684 2431 relatione.

262 2468 308 2534 J
327 2485 510 2532 esus
557 2465 887 2549 (salvator)
933 2465 1257 2531 dicebatur
1297 2466 1639 2530 secundum
1682 2468 1971 2530 naturam
2014 2464 2393 2541 humanam3
2463 2464 2689 2529 Chri-

261 2568 447 2631 stus
493 2563 772 2650 (unctus)
820 2567 890 2629 ut
932 2564 1229 2643 Messias3
1298 2565 1685 2631 Dominus
1730 2566 2072 2630 secundum
2116 2568 2403 2630 naturam
2449 2565 2693 2630 divino-

264 2668 614 2731 humanam
657 2665 723 2730 in
766 2666 1178 2731 relatione
1224 2666 1317 2731 ad
1359 2682 1516 2731 1108.

475 2766 552 2830 V.
600 2765 660 2831 5.
726 2765 893 2845 „Per
935 2788 1106 2851 quem
1149 2767 1487 2852 accepimus
1527 2768 1799 2851 qratiam
1842 2775 1899 2830 ct
1940 2765 2347 2851 apostolatum
2362 2773 2427 2848 ‚·“
2470 2766 2507 2830 i.
2557 2785 2608 2830 e.
2658 2785 2695 2831 a

265 2885 389 2949 quo
458 2866 764 2950 (Christo)
831 2868 1043 2950 accepi
1106 2869 1376 2950 gratuito
1441 2867 1815 2932 beneficium
1881 2867 2283 2949 apostolatus.
2364 2867 2534 2949 χάριν
2599 2869 2694 2928 καὶ

267 2967 612 3048 ἀποστολήν
657 2971 754 3032 681
795 2968 1139 3051 hendiadys
1187 2988 1325 3051 pro:
1369 2967 1541 3051 χάριν
1585 2973 1691 3050 τῆς
1735 2968 2093 3049 ἀποστολῆς,
2134 2969 2403 3051 gratiam
2434 2969 2685 3050 aposto-

260 3070 459 3135 latus.
549 3067 752 3133 Vocat
791 3087 934 3132 vero
979 3070 1396 3151 apostolatum
1463 3070 1852 3153 gratiam,
1922 3071 2065 3152 quia
2118 3070 2251 3133 sine
2296 3069 2422 3132 ullo
2468 3067 2690 3131 merito

265 3171 402 3235 sola
443 3169 650 3252 gratia
692 3168 811 3233 Dei
853 3169 910 3232 ei
954 3169 1314 3254 contigerat.
1363 3207 1441 3218 —
1487 3169 1637 3249 „Ad
1679 3169 2075 3235 obediendum
2103 3168 2266 3252 fidei
2305 3169 2373 3231 in
2416 3165 2691 3231 omnibus

265 3271 608 3358 yentibus‘fi
667 3270 802 3336 Vox
843 3273 1100 3342 πίστεως
1141 3275 1236 3336 681
1277 3272 1590 3356 genitivus
1636 3289 1761 3337 non
1804 3271 2202 3354 subjecti,
2250 3269 2428 3353 quasi
2470 3287 2690 3334 sensus

267 3374 389 3439 sit:
439 3373 518 3437 ad
562 3373 998 3451 obedientiam,
1047 3391 1231 3454 quam
1275 3373 1428 3436 fides
1460 3373 1685 3449 efficit3
1732 3372 1839 3436 sed
1862 3374 1959 3436 est
1991 3369 2303 3454 genitivus
2346 3369 2693 3454 objecti,

267 3475 450 3556 quasi
498 3474 764 3539 diceret:
810 3475 890 3539 ad
931 3475 1288 3539 faciendum
1332 3475 1580 3540 obedire
1625 3473 1802 3550 fidei3
1848 3477 1909 3537 et
1954 3492 2147 3556 quum
2190 3491 2299 3554 per
2340 3473 2529 3538 fidem
2563 3473 2624 3537 h.
2650 3474 2690 3537 l.

267 3575 688 3658 metonymice
733 3575 1012 3658 (effectus
1058 3594 1167 3658 pro
1211 3575 1421 3660 causa)
1467 3575 1877 3658 intelligenda
1921 3576 2003 3639 sit
2046 3574 2393 3658 praedicata
2416 3574 2694 3663 doctiina

267 3676 438 3752 fidei,
487 3695 596 3740 seu
641 3676 1022 3742 doctrina
1067 3675 1577 3755 christiana,
1627 3694 1845 3741 sensus
1892 3678 2019 3740 est:
2065 3675 2154 3740 Ut
2177 3675 2759 3778 omnesnationes

271 3777 450 3860 (ergo
497 3777 690 3840 etiam
755 3793 864 3841 vos
933 3776 1275 3860 Romanos)
1341 3777 1422 3841 ad
1485 3777 1855 3859 obsequium
1925 3764 2242 3840 doctrinae
2306 3749 2701 3851 christianae·

267 3876 399 3942 vita
445 3876 842 3959 moribusque
905 3877 1369 3959 praestandum,
1437 3877 1855 3960 perducerem.
1907 3913 1981 3922 --
2027 3876 2118 3940 Ex
2159 3876 2331 3940 hisce
2396 3875 2689 3957 sequitur,

268 3978 609 4042 fidemnon
631 3996 763 4042 6886
795 3977 1181 4043 solummodo
1206 3979 1417 4042 actum
1462 3977 2002 4054 intellectus,
2050 3971 2159 4040 sed
2183 3975 2373 4040 etiam
2418 3975 2694 4039 volun-

267 4079 514 4142 tatis.
565 4115 642 4124 -
691 4077 920 4160 ΰπακοὴ
966 4097 1191 4144 110111611
1251 4078 1497 4144 verbale
1541 4076 1648 4160 (ab
1702 4074 2005 4152 ’ὕπακούω,
2068 4095 2246 4141 aures
2291 4075 2551 4158 praebeo
2616 4074 2697 4138 ad

271 4178 680 4265 audiendum)
727 4182 852 4245 est:
921 4180 1316 4258 auscultatio,
1385 4182 1448 4243 et
1489 4179 1670 4243 inde:
1734 4178 2113 4256 obedientia,
2179 4175 2559 4258 obsequium.
2606 4209 2692 4221 —

273 4281 422 4361 ἔθνη
469 4281 531 4344 11.
579 4280 621 4345 l.
669 4285 906 4365 gentes,
950 4280 1232 4346 nationes
1275 4298 1510 4358 01111168,
1567 4278 1612 4344 J
1615 4279 1829 4344 udaeis
1887 4296 2011 4344 non
2072 4276 2349 4343 exclusis.
2394 4311 2480 4323 —
2521 4273 2695 4354 „Pro

271 4381 517 4446 nomine
557 4385 750 4471 qjas‘ss
812 4381 852 4446 i.
900 4400 952 4446 e.
997 4385 1249 4464 propter
1289 4380 1551 4464 gloriam
1615 4379 1752 4463 ejus
1819 4378 2219 4455 dilatandam,
2286 4376 2415 4442 scil.
2484 4375 2695 4457 accepi

270 4481 654 4548 beneficium
708 4483 1108 4566 apostolatus,
1154 4517 1238 4528 --·
1280 4480 1368 4546 Eo
1431 4480 1597 4546 enim
1617 4527 1635 4559 ,
1702 4479 1863 4561 quod
1919 4478 2203 4543 homines
2247 4477 2310 4541 in
2377 4474 2693 4541 Christum

2404 4574 2502 4640 2*
