3234 4992
520 273 605 336 44
1503 269 1613 322 Gap.
1638 271 1701 314 11.
1725 281 1772 312 v.
1797 270 1963 312 26-2‘1.

519 459 804 540 poterant
847 457 1070 523 Judaei
1113 457 1190 523 ob
1235 458 1619 542 signaculum
1664 457 1927 524 foederis
1974 475 2011 522 a
2053 457 2181 522 Deo
2228 474 2371 522 cum
2437 457 2590 540 ipsis
2656 456 2818 534 initi,
2881 456 2949 520 id

520 562 611 622 est
677 558 751 624 ob
816 559 1544 624 circumcisionem
1614 578 1863 636 suam,
1933 576 2055 641 qua
2110 577 2147 622 a
2202 557 2545 641 gentilibus
2613 558 2935 622 discerne-

519 661 761 724 bantur.
817 697 881 707 —
937 660 1101 724 Huic
1159 659 1293 743 jam
1357 660 1619 724 occurrit
1685 659 2017 742 apostolus,
2084 660 2331 738 docens,
2400 659 2947 724 circumcisionem

522 761 725 826 solum
769 761 1190 844 prodesse,
1239 761 1292 825 si
1336 761 1522 825 simul
1565 761 1690 826 lex
1755 761 2283 836 observetur3
2354 760 2485 825 sine
2529 761 2689 843 legis
2734 761 2949 825 obser-

522 863 763 927 vatione
805 865 1014 927 autem
1058 861 1145 926 nil
1187 862 1490 945 prodesse,
1539 862 1652 926 sed
1690 861 2104 926 conditionem
2128 861 2272 926 talis
2296 861 2567 926 hominis
2588 860 2951 927 circumcisi

522 982 656 1028 esse
701 965 1022 1045 aequalem
1066 963 1402 1028 conditioni
1449 963 1719 1028 hominis
1781 981 1904 1028 non
1969 962 2335 1028 circumcisi.
2389 1001 2456 1010 —
2506 963 2824 1040 Ceterum,
2896 962 2950 1026 si

521 1085 569 1130 s.
615 1065 849 1130 Paulus
893 1066 956 1130 h.
999 1065 1039 1129 1.
1088 1065 1618 1129 circumcisionem
1664 1064 2047 1147 prodesse
2092 1065 2264 1143 dicit,
2331 1064 2397 1129 in
2464 1065 2726 1148 epistola
2794 1082 2942 1128 vero

521 1167 599 1230 ad
643 1165 984 1231 Galatas
1029 1165 1113 1250 (5,
1139 1165 1226 1248 6.)
1271 1165 1522 1230 scribit:
1571 1184 1865 1248 „neque
1910 1165 2636 1229 circumcisionem
2681 1165 2950 1230 valere

521 1267 982 1349 quidquam,
1055 1285 1254 1350 neque
1317 1268 1730 1350 praeputium,
1800 1268 1907 1331 sed
1975 1265 2286 1346 fidem“,
2359 1303 2426 1314 —
2489 1267 2751 1331 minime
2822 1266 2951 1330 sibi

520 1368 913 1443 contradicit:
957 1385 1106 1432 nam
1149 1368 1539 1432 circumcisio
1583 1368 1918 1451 prodess
1942 1386 1973 1430 e
2041 1366 2161 1432 dici
2222 1369 2425 1452 potest
2474 1372 2724 1452 propter
2784 1367 2951 1432 vim

519 1468 1117 1552 significandi:
1165 1469 1491 1534 etiterum
1537 1470 1750 1534 nihil
1809 1471 2077 1535 valere
2145 1469 2265 1534 dici
2328 1473 2535 1553 potest
2601 1471 2666 1534 in
2712 1469 2949 1533 unione

521 1589 666 1634 cum
710 1570 979 1650 Christo,
1031 1571 1097 1635 in
1143 1571 1387 1654 negotio
1424 1571 2098 1655 justificationis
2142 1574 2207 1634 et
2232 1570 2953 1642 salutis—Particula

517 1671 624 1752 γὰρ
667 1672 727 1736 h.
774 1673 815 1735 l.
865 1676 962 1736 est
1003 1672 1402 1756 explicativa:
1448 1673 1848 1738 nimirum.
1912 1673 2289 1754 ἀκροβυστία,
2335 1672 2753 1757 praeputium,
2805 1671 2951 1735 dein

523 1775 725 1837 status
770 1791 879 1836 seu
924 1773 1194 1838 conditio
1257 1775 1580 1856 praeputii,
1630 1793 1772 1859 ergo
1834 1775 2337 1858 gentilismu
2363 1795 2425 1852 s,
2494 1791 2602 1837 seu
2667 1773 2948 1838 conditio

515 1874 789 1939 hominis
833 1874 1102 1956 gentilis,
1149 1878 1219 1939 ut
1261 1876 1321 1939 h.
1368 1876 1444 1952 1.;
1495 1911 1577 1922 --
1624 1880 1684 1940 et
1728 1877 1817 1941 ita
1860 1875 2138 1956 περιτομή
2211 1880 2305 1940 est
2348 1873 2757 1954 circumcisio,
2805 1873 2952 1937 dein

515 1979 712 2040 status
735 1974 1230 2052 circumcisioniS,
1276 1994 1419 2059 ergo
1462 1976 1507 2042 J
1523 1957 1565 2040 u
1584 1977 1621 2040 d
1640 1995 1677 2040 a
1698 1977 1765 2040 is
1785 1996 1948 2042 mus
1964 2028 1979 2055 ,
2028 1996 2136 2042 seu
2162 1978 2362 2042 status
2386 1974 2655 2041 hominis
2680 1974 2725 2040 J
2726 1975 2942 2052 udaei,

517 2077 688 2140 ut'h.
728 2078 766 2141 1.
816 2074 1088 2158 πράσσω,
1132 2076 1311 2152 faci0,
1361 2077 1502 2141 dein
1547 2077 1805 2142 observo
1852 2076 2307 2164 (mvidwmyut
2330 2077 2391 2145 h.
2416 2079 2455 2142 l.
2503 2067 2732 2137 -”τὸν
2762 2073 2951 2155 νόμον

516 2178 574 2242 h.
625 2178 663 2242 l.
713 2178 879 2243 idem
923 2197 995 2242 ac
1040 2177 1122 2261 (v.
1173 2177 1298 2262 14.)
1358 2177 1431 2241 τά
1486 2183 1595 2240 τοῦ
1649 2176 1846 2257 νόμου,
1916 2183 2155 2244 statuta
2217 2179 2393 2264 legis.
2464 2175 2820 2260 παραβάτης
2888 2175 2954 2260 (a

520 2282 863 2359 παραβαίνω
930 2279 1366 2363 transgredior)
1412 2280 1691 2363 proprie:
1759 2280 1864 2361 qui
1934 2281 2421 2363 transgreditur:
2489 2277 2951 2362 metaphorice:
3032 2361 3041 2368 ·

521 2379 885 2444 violator
926 2379 1186 2461 legiS,
1234 2380 1700 2462 praevaricator.
2246 2466 2255 2470 Π

726 2479 800 2545 V.
849 2480 948 2544 26.
1012 2478 1134 2559 „Si
1173 2481 1362 2566 igitur
1415 2483 1815 2568 praeputium
1878 2490 2109 2544 statuta
2176 2481 2321 2567 leqis
2388 2482 2685 2561 observat,
2750 2502 2956 2544 nonne

511 2582 909 2666 praeputium
952 2584 1081 2672 ejas
1122 2582 1495 2646 circumcisio
1539 2582 1893 2646 habebituffl‘
1908 2583 1936 2646 52
2020 2583 2174 2647 Vult
2231 2584 2466 2648 dicere:
2556 2580 2626 2646 Si
2686 2581 2955 2666 gentilis

517 2683 736 2746 natura
760 2683 912 2746 duce
935 2685 1117 2764 atque
1139 2683 1456 2766 magistra,
1485 2684 1743 2748 moralia
1763 2684 1921 2766 legis
1944 2683 2253 2748 Mosaicae
2277 2683 2611 2767 praecepta
2633 2683 2957 2757 observat,

518 2800 718 2846 nonne
764 2783 860 2847 die
897 2782 1115 2865 judicii
1153 2783 1313 2866 justi
1355 2785 1606 2867 perinde
1652 2803 1688 2848 a
1732 2785 1860 2848 Deo
1899 2785 2247 2862 habebitur,
2294 2803 2365 2849 ac
2391 2785 2442 2849 si
2478 2787 2643 2849 esset
2670 2784 2955 2848 circum-

518 2882 730 2947 cisus?
796 2882 1011 2967 (quum
1079 2884 1374 2948 nimirum
1429 2903 1560 2948 rem
1628 2885 2097 2964 circumcisione
2165 2885 2582 2968 significatam
2651 2884 2957 2949 exhibeat

515 2983 741 3069 Opere).
791 2979 880 3049 Cf.
935 2986 990 3063 1.,
1037 2985 1134 3050 32.
1185 2983 1562 3064 δικαιώματα.
1616 3025 1685 3035 ---
1732 2985 2099 3065 ἀκροβυστία
2140 2988 2241 3052 hio
2286 2987 2592 3051 abstracto
2618 3004 2728 3068 pro
2775 3003 2961 3050 oon-

517 3090 743 3152 creto
811 3089 1031 3171 posito,
1099 3089 1266 3153 idem
1329 3089 1426 3153 est
1483 3105 1556 3152 ac
1624 3086 2013 3169 ἀκροβυστης,
2081 3088 2719 3171 praeputiatuS,
2793 3087 2831 3150 i.
2897 3105 2954 3150 e.

517 3189 786 3272 gentilis.

725 3291 798 3354 V.
847 3292 946 3355 27.
1013 3291 1140 3369 „Et
1188 3289 1538 3381 judicabit,
1609 3290 1771 3374 quod
1834 3311 1909 3352 σω
1972 3291 2203 3352 nature?
2254 3289 2654 3374 praeputium
2719 3295 2825 3364 cst,
2890 3289 2959 3349 si

517 3387 700 3472 lcqcm
743 3400 948 3454 coeactc
991 3390 1284 3468 observat,
1330 3400 1402 3469 tc,
1447 3390 1555 3475 qui
1583 3411 1704 3475 per
1748 3389 1988 3452 literam
2032 3399 2087 3452 ct
2129 3389 2639 3452 circumcisimzcm
2680 3386 2963 3451 violator

519 3488 664 3572 leqis
707 3493 828 3552 es“.
915 3491 1068 3556 Vult
1111 3491 1345 3555 dicere:
1419 3492 1554 3554 Imo
1599 3490 1880 3574 gentiliS,
1951 3491 2055 3572 qui
2098 3509 2135 3554 a
2178 3493 2399 3554 natura
2463 3488 2959 3553 incircumcisus

519 3593 634 3665 est,
681 3589 730 3652 si
775 3589 982 3672 legem
1028 3593 1235 3654 exacte
1280 3592 1598 3666 observet,
1676 3589 1772 3654 sui
1839 3591 2296 3673 comparatione
2362 3589 2814 3654 condemnabit
2856 3591 2955 3667 te,

524 3707 557 3753 o
603 3689 861 3767 Judaee,
909 3691 1031 3772 qui,
1079 3692 1281 3774 legem
1345 3691 1642 3775 scriptam
1691 3695 1753 3754 et
1799 3691 2329 3755 circumcisionem
2396 3690 2668 3768 habenS,
2738 3691 2959 3772 legem

520 3792 840 3872 acceptam
886 3792 1097 3861 violas,
1146 3828 1228 3839 —
1272 3793 1367 3852 καὶ
1411 3793 1471 3856 h.
1498 3793 1538 3855 1.
1587 3792 1777 3857 habet
1820 3792 1949 3855 vim
1974 3791 2371 3856 intendendi:
2418 3791 2577 3855 imo
2630 3829 2703 3837 —
2751 3792 2960 3867 τελέω,

519 3891 683 3968 fini0,
729 3891 996 3974 perficio,
1046 3891 1293 3976 impleo,
1366 3896 1576 3956 exacte
1621 3891 1897 3968 observo,
1963 3896 2032 3956 ut
2074 3893 2134 3956 h.
2180 3894 2219 3956 1.
2270 3930 2352 3938 -
2396 3891 2785 3974 Praepositio
2847 3895 2960 3955 διὰ

518 3994 578 4058 h.
626 3995 664 4058 l.
714 3997 785 4059 ut
832 4011 1034 4076 saepe,
1080 3994 1311 4058 indicat
1376 3992 1971 4069 conditionem,
2038 3993 2099 4056 in
2146 4012 2267 4075 qua
2309 3993 2689 4058 constitutus
2753 3995 2953 4060 homo

520 4096 754 4178 aliquid
799 4095 952 4160 facit
994 4096 1091 4159 vel
1133 4095 1383 4178 patitur.
1429 4131 1514 4141 —
1558 4098 1752 4176 κρίνει,
1790 4093 2239 4177 Judicabit,
2288 4095 2324 4159 i.
2374 4115 2423 4158 e.
2473 4096 2954 4176 condemnabit,

518 4197 811 4262 nimirum
859 4183 1137 4279 exemplo
1183 4199 1248 4260 et
1292 4196 1389 4260 sui
1434 4195 1903 4279 comparatione.
1950 4195 2049 4258 Ita
2070 4196 2341 4277 loquitur
2364 4193 2648 4262 Christus
2685 4195 2957 4280 (Matth.

521 4299 618 4375 12,
665 4302 769 4364 41,
815 4299 945 4383 42.)
991 4300 1066 4362 dc
1112 4297 1514 4364 Ninivitis
1559 4298 1622 4360 et
1675 4296 1957 4377 regina
2017 4297 2297 4361 austri.
2388 4294 2624 4376 γράμμα
2690 4301 2790 4362 est
2854 4299 2963 4365 hic

518 4396 697 4478 νόμος
738 4402 1136 4484 γεγραμμένος,
1193 4401 1316 4464 lex
1373 4397 1698 4480 scripta.
1749 4433 1823 4442 —-
1872 4395 2053 4459 Nunc
2096 4416 2151 4461 v.
2204 4397 2301 4460 28.
2352 4402 2417 4461 et
2460 4399 2561 4462 29.
2607 4399 2963 4482 probat,

521 4500 682 4585 quod
745 4503 914 4585 prius
983 4502 1064 4586 (v.
1110 4499 1408 4585 24-27.)
1475 4499 1746 4575 dixerat,
1815 4496 2352 4562 circumcisionem
2418 4499 2717 4564 nimirum
2743 4549 2758 4578 ,
2830 4501 2964 4566 nisi
