3234 4992
571 214 696 280 218
1581 211 2011 266 emmau.

573 400 814 464 ratione
857 400 1047 464 dueta
1091 418 1126 464 a
1169 402 1465 485 temporis
1509 400 1938 467 convenientia
1995 397 2558 484 (circumstantiis),
2625 413 2783 479 quae
2823 393 2975 459 illius

579 501 893 584 praecepti
959 501 1464 585 adimpletionem
1531 503 1828 587 postulat.
1896 541 1967 549 -—-
2036 504 2131 563 καὶ
2187 504 2368 563 τοῦτο
2436 500 2543 579 (et
2612 497 2792 581 hoc)
2847 496 2980 560 refe-

577 603 841 667 rendum
910 606 1006 667 est
1077 604 1157 668 ad
1220 606 1597 687 superiorem
1668 604 2159 671 admonitionem
2226 603 2301 666 de
2367 600 2694 684 implendo
2762 599 2984 661 mutuae

577 704 923 769 dilectionis
967 710 1308 789 praecepto.
1402 706 1522 771 Pro
1565 709 1662 767 καὶ
1702 714 1887 769 zov‘zo
1945 724 2016 770 ex
2074 721 2268 787 aequo
2334 702 2609 767 scribere
2670 699 2982 782 potuisset:

573 807 668 867 καὶ
713 812 961 868 τοσοῦτο
1005 804 1229 886 μᾶλλον
1283 808 1369 889 (et
1415 808 1584 873 tanto
1630 809 1881 894 magis).
1944 844 2017 855 -—
2084 807 2206 872 Per
2248 803 2455 885 καιρὸν
2501 801 2814 888 (tempus)
2854 800 2908 864 h.
2950 800 2985 863 l.

576 908 849 991 intelligi
891 908 1120 973 debent
1149 910 1444 992 temporis
1490 910 1965 993 qualitates
2011 907 2353 994 (rationes),
2400 906 2712 989 temporis
2760 903 2983 985 signa,

569 1027 724 1091 quae
747 1027 889 1074 mox
913 1009 1191 1075 futurum
1215 1009 1446 1075 Christi
1481 1012 1817 1076 adventum
1843 1012 1923 1076 ad
1956 1009 2261 1094 judicium
2283 1008 2557 1072 indicare
2606 1004 2985 1070 videbantur.

577 1113 697 1173 Per
745 1133 769 1173 e
793 1129 1103 1175 emnum
1148 1111 1388 1197 (ὕπνον)
1448 1113 1892 1197 intelligendus
1936 1117 2031 1178 est
2074 1129 2329 1177 somnus
2376 1110 2602 1192 aliquis
2652 1104 2988 1191 spiritualia

573 1213 805 1277 seilieet
850 1214 1180 1295 peccati
1226 1217 1289 1279 et
1331 1216 1736 1298 torporis,
1783 1216 1878 1279 uti
1921 1214 2243 1296 sequentia
2281 1214 2518 1287 docent,
2566 1211 2635 1274 in
2685 1206 2907 1292 quibus
2928 1204 2987 1268 fit

573 1333 773 1377 eerfflu
825 1315 898 1378 de
945 1314 1305 1397 abjiciendis
1352 1316 1735 1400 operibus
1788 1316 2319 1381 tenebrarum
2384 1312 2520 1398 (seu
2584 1308 2876 1393 peccati).
2920 1341 2988 1352 —

569 1417 805 1493 „Nerie-
847 1417 1006 1479 enim
1035 1418 1302 1503 propius
1333 1428 1419 1481 est
1451 1427 1665 1481 nostra
1701 1417 1890 1497 salue,
1934 1439 2119 1503 quam
2154 1439 2287 1480 cum
2328 1412 2711 1477 credidimus
2726 1414 2792 1490 ,·“
2835 1406 2987 1491 quasi

569 1517 837 1581 dieeret:
882 1517 1065 1581 Nunc
1089 1519 1275 1597 enim,
1322 1519 1649 1603 postquam
1696 1520 1760 1584 in
1804 1519 1925 1583 fide
1962 1517 2195 1583 Christi
2232 1517 2366 1600 jam
2413 1532 2650 1598 magna
2672 1514 2839 1577 vitae
2862 1526 2985 1592 pars

573 1621 749 1681 nobie
793 1619 1122 1701 praeteriit,
1165 1620 1422 1686 vicinior
1463 1621 1642 1685 nobis
1666 1625 1763 1685 est
1784 1620 2050 1685 felicitas
2094 1621 2364 1695 aeterna,
2410 1634 2601 1699 quam
2649 1618 2805 1679 tunc
2853 1612 2981 1686 erat,

569 1721 809 1801 quande
849 1720 1124 1802 primum
1148 1719 1296 1785 facti
1323 1740 1539 1787 sumus
1570 1721 1902 1789 christiani.
1955 1756 2028 1767 —-
2080 1717 2371 1802 ἐγγύτερον
2415 1721 2713 1783 neutrum
2760 1730 2984 1796 compa-

565 1821 745 1885 rativi
773 1822 1375 1887 adverbialiter
1419 1824 1787 1888 adhibitum.
1836 1860 1917 1869 —-
1960 1821 2002 1904 ἠ
2044 1826 2305 1904 σωτηρία
2347 1822 2408 1886 h.
2435 1822 2474 1885 l.
2509 1818 2814 1902 perfecta,
2859 1833 2981 1879 con-

569 1929 886 1987 summata
907 1923 1094 2001 saluS,
1141 1922 1402 1988 felicitas
1433 1926 1682 1988 aeterna
1717 1923 1814 2006 (ut
1850 1924 2009 1989 Phil.
2046 1930 2096 2003 l,
2122 1924 2272 2007 28.)
2320 1922 2529 1988 Verba
2550 1922 2713 1986 haec
2758 1918 2978 1991 docent,

573 2025 922 2105 apostolum
943 2024 1278 2089 adventum
1305 2024 1533 2089 Christi
1555 2025 1634 2089 ad
1671 2025 1977 2108 judicium
2025 2026 2087 2089 in
2134 2025 2476 2108 propinquo
2521 2042 2687 2099 esse,
2728 2021 2861 2104 ,iam
2902 2017 2979 2080 in-

573 2129 862 2203 stantem,
910 2126 1182 2208 putasse,
1230 2126 1390 2208 quod
1437 2128 1626 2190 etiam
1652 2127 1790 2191 aliis
1817 2127 2223 2209 epistolarum
2264 2124 2701 2191 suarumlocis
2748 2122 2831 2204 (l.
2860 2118 2977 2183 Cor.

573 2229 669 2301 15,
717 2229 813 2289 ΞΠ.
865 2227 923 2289 1.
969 2227 1186 2291 Thess,
1234 2227 1295 2304 4,
1345 2227 1440 2292 15.
1493 2228 1587 2291 16.
1637 2229 1693 2291 2.
1744 2227 1957 2292 Thess.
1993 2228 2053 2306 2,
2103 2229 2157 2292 1.
2203 2229 2293 2311 2.)
2340 2225 2766 2307 docet3-quod
2811 2222 2976 2287 etiam

569 2329 673 2389 alii
725 2328 1005 2409 apostoli,
1050 2330 1145 2392 uti
1193 2347 1240 2392 s.
1293 2328 1584 2393 Petrus
1630 2329 1712 2411 (1.
1739 2329 1905 2393 Petr.
1954 2330 2013 2407 4,
2061 2328 2149 2413 7.)
2195 2332 2258 2393 et
2304 2327 2745 2393 s.Jacobus
2793 2323 2872 2408 (5,
2905 2320 2978 2402 8.)

569 2427 1025 2491 existimabant.
1120 2428 1186 2494 Si
1230 2430 1443 2494 tamen
1485 2430 1548 2494 id
1596 2448 1718 2494 non
1766 2431 2053 2508 evenerit,
2100 2431 2163 2496 id
2197 2449 2319 2495 non
2354 2430 2570 2494 obstat
2606 2421 2976 2510 inspirationi

565 2549 637 2593 ae
685 2529 1113 2594 infallibilitati
1163 2532 1608 2614 apostolorum.
1680 2531 1846 2595 Nam
1892 2531 2155 2614 apostoli
2204 2534 2350 2595 sunt
2393 2532 2590 2594 testes
2640 2524 2977 2592 infallibiles

565 2633 773 2693 sulum
817 2632 1061 2696 illarum
1111 2632 1466 2710 veritatum,
1515 2650 1669 2715 quas
1718 2631 2001 2698 Christus
2046 2633 2355 2708 docuit,
2401 2650 2524 2696 non
2546 2634 2762 2695 autem
2807 2627 2972 2691 etiam

565 2753 797 2810 eaiiim,
867 2751 1018 2815 quas
1077 2734 1342 2812 reticuit,
1402 2753 1523 2799 non
1577 2735 1894 2803 revelavit.
1984 2733 2268 2799 Christus
2328 2734 2629 2799 nimirum
2694 2731 2785 2795 nil
2827 2726 2970 2802 dixit,

569 2837 809 2917 quande
868 2835 1163 2900 venturus
1225 2835 1308 2900 sit
1369 2836 1498 2900 dies
1556 2836 1862 2901 adventus
1921 2836 2119 2919 ipsius
2186 2837 2266 2900 ad
2319 2834 2653 2919 Judicium,
2724 2834 2848 2897 imo
2889 2848 2971 2893 ex-

561 2957 769 3017 presse
841 2936 1286 3019 pronunciavit,
1356 2937 1515 3019 quod
1582 2937 1749 3001 diem
1816 2938 2006 3002 istum
2083 2955 2309 3002 nemo
2377 2936 2551 3014 sciat,
2620 2935 2746 3000 nisi
2822 2931 2968 2996 solus

561 3037 813 3101 Pater
857 3036 1075 3121 (Marc.
1144 3038 1240 3115 13,
1304 3038 1451 3121 32).
1546 3038 1849 3103 Attamen
1908 3040 2149 3123 signa
2206 3039 2512 3122 quaedam
2568 3030 2971 3101 manifestavit

561 3141 669 3213 eie,
717 3141 878 3203 unde
922 3139 1272 3223 intelligere
1317 3138 1587 3222 possent,
1634 3139 1827 3205 finem
1872 3141 2091 3205 mundi
2152 3142 2215 3205 et
2260 3140 2600 3207 adventum
2664 3138 2861 3221 ipsius
2902 3131 2967 3196 ad

553 3241 855 3321 judieium
903 3239 1152 3305 instare.
1244 3240 1346 3304 Ad
1389 3241 1543 3305 haec
1603 3242 1786 3325 signa
1842 3242 2200 3325 pertinebat
2262 3241 2632 3325 praeprimis
2678 3234 2967 3323 praedi-

561 3345 777 3405 eatie
825 3342 1251 3425 evangelii
1317 3342 1382 3407 in
1446 3342 1729 3407 universo
1796 3346 2100 3407 terrarum
2168 3343 2315 3408 orbe
2383 3342 2639 3427 (Matth.
2686 3342 2791 3419 24,
2834 3334 2960 3418 24.)

561 3441 761 3521 Quum
809 3441 936 3525 jam
985 3442 1161 3507 initio
1204 3443 1419 3527 religio
1453 3442 1683 3508 Christi
1727 3439 2036 3509 latissime
2081 3445 2489 3527 undequaque
2523 3443 2963 3528 propagaretur,

557 3541 741 3605 fa-eile
785 3544 1066 3625 poterant
1111 3545 1377 3627 apostoli
1421 3534 1658 3628 putare,
1707 3545 1960 3629 tempus
2006 3546 2071 3610 in
2114 3546 2578 3629 propinquo
2638 3563 2798 3621 esse,
2845 3541 2961 3623 jam

557 3645 916 3720 instare,
987 3661 1102 3724 quo
1168 3644 1279 3709 fiet
1343 3646 1536 3712 totius
1601 3646 1820 3712 mundi
1886 3650 2199 3714 conversio
2267 3648 2347 3713 ad
2414 3647 2736 3712 Christum
2801 3648 2961 3724 atque

557 3745 848 3809 erunibus
897 3742 1131 3808 Christi
1176 3746 1542 3813 adversariis
1589 3748 1919 3830 superatis,
1965 3749 2109 3814 finis
2153 3750 2372 3814 mundi
2423 3753 2487 3813 et
2532 3741 2958 3813 consummatio

557 3849 725 3929 regni
777 3844 986 3910 divini.
1077 3845 1152 3908 In
1195 3844 1481 3928 opinione
1547 3850 1664 3913 hae
1729 3852 1972 3934 poterat
2044 3869 2147 3915 eos
2213 3851 2404 3915 etiam
2470 3851 2533 3914 id
2599 3850 2956 3918 confirmare,

557 3949 701 4029 quie
745 3948 1073 4026 eeiverant,
1121 3965 1157 4011 a
1204 3945 1550 4013 Christi·
1579 3952 1943 4017 adventu
2006 3952 2385 4036 (nativitate)
2443 3951 2749 4034 incepisse
2792 3944 2954 4014 ulti-

557 4069 753 4113 mam
813 4048 987 4133 regni
1047 4049 1240 4114 divini
1295 4049 1467 4115 hisce
1528 4052 1591 4115 in
1655 4054 1834 4118 terris
1896 4058 2253 4119 aetatem
2314 4053 2450 4138 (seu
2496 4054 2781 4137 statum),
2838 4047 2955 4133 post

561 4169 749 4233 quen]
797 4169 916 4215 non
963 4154 1160 4216 restat
1207 4145 1343 4216 alia‘
1377 4151 1564 4235 (sicut
1609 4159 1746 4236 post
1791 4156 2035 4221 senium
2063 4156 2185 4221 alia
2209 4158 2379 4220 aetas
2423 4174 2544 4220 non
2588 4155 2731 4238 est).
2776 4152 2953 4232 Quum

553 4253 896 4337 redemptio
942 4272 1052 4338 per
1099 4251 1414 4317 Christum
1460 4272 1597 4337 per
1622 4254 1846 4320 fecta
1889 4256 1987 4335 sit,
2036 4259 2099 4321 et
2142 4256 2249 4321 ille
2296 4256 2375 4321 ad
2419 4256 2734 4321 dexteram
2776 4248 2951 4321 Patris

557 4357 879 4434 exaltatus
923 4355 1214 4438 quovis
1259 4354 1629 4439 tempore
1690 4356 1763 4421 ad
1819 4357 2127 4439 judicium
2187 4358 2392 4423 venire
2451 4359 2667 4441 possit,
2736 4376 2837 4423 seu
2872 4349 2949 4416 uti

557 4477 601 4525 s.
669 4461 892 4522 Petrus
957 4458 1042 4541 (1.
1089 4458 1258 4523 Petr.
1304 4458 1364 4538 4,
1413 4457 1502 4542 5.)
1565 4456 1752 4536 dicit,
1814 4463 2153 4542 paratus
2213 4460 2331 4526 sit
2384 4460 2784 4544 Judicare.,
2836 4455 2948 4520 ideo
