3234 4992
1241 246 1352 301 cap.
1377 248 1478 291 xn.
1501 258 1549 290 v.
1575 250 1693 291 4—6.
2556 252 2679 319 207

225 428 330 512 (cf.
403 429 653 513 EpheS.
725 433 785 511 3,
854 432 961 517 8.).
1051 432 1305 517 Allegat
1371 436 1802 501 auctoritatem
1871 454 2049 501 suam
2116 437 2537 521 apostolicam,
2604 450 2681 503 ne

221 532 516 597 videatur
563 538 1072 619 arroganter
1117 553 1316 619 agere,
1365 537 1526 619 quod
1570 537 1869 602 Romanis
1917 538 2253 621 praecipiat
2284 538 2567 624 (Estius).
2596 576 2680 587 —

223 634 367 714 λέγω
414 634 477 698 h.
530 634 576 698 1.
627 636 1096 718 praecipi03
1159 637 1236 701 ab
1297 638 1415 701 hoc
1461 638 1646 703 verbo
1708 639 1979 721 pendent
2022 638 2313 703 infinitivi
2351 642 2678 723 sequentes

222 736 620 818 ὑπερφρονεῖν
671 741 740 802 et
784 746 1030 820 φρονεῖν.
1089 776 1158 784 -
1209 738 1356 816 „Nc
1383 742 1558 828 justo
1590 738 1989 824 praeclarius
2012 739 2087 803 dc
2113 760 2174 803 sc
2215 740 2455 821 sentiat,
2500 765 2682 828 quam

221 846 460 922 oportet
528 840 788 917 sentire,
854 839 960 902 sed
1023 849 1091 902 ut
1154 839 1376 903 sentiat
1419 839 1522 923 (de
1568 840 1681 923 se),
1748 850 1815 903 ut
1874 838 2133 903 modeste
2172 840 2251 903 dc
2291 862 2353 905 se
2394 844 2676 907 sentiat.“

219 938 291 1002 In
353 957 593 1021 graeco
660 940 842 1004 adest
899 940 1152 1023 elegans
1211 941 1805 1024 paronomasia.
1897 949 2131 1022 φρονεῖν
2175 944 2384 1007 notat:
2430 945 2679 1023 sentire,

214 1038 524 1120 judicare,
578 1042 724 1107 scil.
786 1042 860 1104 de
927 1061 1008 1106 se.
1069 1078 1152 1088 —
1211 1042 1594 1123 ὑπερφρονεῖν
1640 1045 1768 1107 est:
1825 1042 1993 1125 justo
2055 1043 2429 1127 praeclarius
2492 1045 2566 1109 de
2613 1064 2679 1109 se

224 1141 494 1207 sentire:
551 1140 700 1221 παρ’
749 1142 782 1204 0‘
825 1148 914 1203 δεῖ
957 1150 1208 1222 φρονεῖν,
1270 1144 1437 1207 ultra
1494 1143 1575 1220 id,
1641 1143 1803 1225 quod
1863 1145 2105 1225 oportet
2164 1144 2239 1207 de
2296 1162 2361 1207 se
2420 1146 2678 1221 sentire;

219 1239 394 1305 hisce
457 1244 824 1326 explicatur
890 1246 1148 1309 verbum
1219 1244 1616 1325 ὑπερφρονεῖν.
1688 1282 1759 1289 -—
1829 1251 2153 1327 σωφρονεῖν
2212 1245 2342 1308 est:
2402 1245 2681 1310 modeste

197 1342 460 1407 sentire
511 1345 690 1426 (scil.
739 1347 814 1410 de
861 1346 995 1428 se.).
1071 1382 1145 1392 —
1214 1346 1458 1425 „Proui
1520 1345 1842 1429 unicuique
1905 1345 2077 1409 Deus
2142 1343 2456 1409 distribuit
2518 1367 2675 1409 men-

221 1462 436 1506 suram
476 1445 738 1529 fidei;“
794 1448 832 1511 i.
881 1466 930 1510 e.
980 1447 1143 1510 intra
1185 1446 1338 1511 fines
1397 1446 1540 1511 fidei
1605 1449 1669 1509 et
1728 1447 1870 1511 doni
1929 1448 2207 1530 gratuiti,
2268 1446 2384 1511 sibi
2444 1464 2481 1510 a
2538 1446 2670 1512 Deo

223 1544 451 1610 collati.
548 1548 632 1611 In
680 1566 900 1631 graeco
945 1549 1122 1612 adest
1166 1548 1596 1631 trajectio:
1661 1544 1887 1625 ἑκάστῳ
1950 1546 2031 1617 αἱς
2088 1565 2229 1630 pro:
2292 1546 2375 1619 αἱς
2434 1544 2675 1627 ἑκάστῳ.

222 1679 306 1689 -—
346 1646 474 1711 Per
520 1648 789 1714 fidem
833 1650 892 1713 h.
941 1650 980 1712 l.
1030 1649 1503 1731 intelligendum
1570 1652 1667 1713 est
1724 1649 1956 1713 donum
2014 1647 2227 1712 fidei
2288 1649 2680 1715 christia—

225 1762 366 1809 nae
414 1752 482 1812 et
531 1749 733 1814 etiam
779 1750 982 1828 dona
1025 1750 1404 1833 gratuita
1449 1749 2020 1833 (charismata,
2068 1749 2156 1813 sic
2201 1749 2403 1815 dictae
2438 1751 2677 1840 gratiae

231 1848 430 1927 gratis
475 1850 721 1936 datae),
766 1870 924 1934 quae
968 1852 1034 1915 in
1076 1851 1394 1933 primitiva
1439 1851 1706 1915 ecclesia
1769 1850 2057 1915 fidelibus
2103 1868 2139 1915 a
2184 1849 2419 1934 Spiritu
2464 1856 2678 1917 sancto

231 1948 502 2015 conferri
551 1953 860 2018 solebant.
948 1952 1250 2017 Nominat
1293 1954 1506 2015 autem
1552 1953 1753 2016 solam
1797 1950 2084 2029 fidem,
2148 1952 2290 2034 quia
2345 1952 2501 2017 haec
2542 1956 2678 2019 erat

231 2065 487 2117 causa
535 2054 674 2120 sive
717 2054 983 2131 radiX,
1029 2054 1191 2118 unde
1245 2054 1414 2118 varia
1469 2052 1579 2116 illa
1639 2053 1799 2116 dona
1857 2051 2142 2117 fidelibus
2200 2069 2309 2135 pro
2354 2052 2471 2116 Dei
2516 2052 2677 2119 arbi-

229 2149 345 2214 trio
391 2156 820 2235 provenirent.

437 2255 518 2320 V.
571 2260 633 2321 4.
695 2256 915 2335 „Sicut
970 2257 1128 2319 mrim
1185 2257 1252 2319 in
1311 2277 1432 2318 uno
1490 2276 1740 2339 corpore
1798 2252 2065 2317 membra
2118 2252 2313 2317 multa
2367 2252 2672 2335 habemus,

232 2355 440 2419 omnia
487 2366 696 2421 autem
739 2357 1007 2421 membra
1049 2378 1171 2421 non
1213 2356 1376 2419 idem
1417 2354 1636 2419 habent
1680 2356 1981 2441 ncyotium
1994 2359 2059 2435 ;“

443 2456 527 2521 V.
598 2460 656 2524 5.
727 2460 862 2538 „ita
924 2456 1103 2522 multi
1165 2480 1353 2521 unum
1417 2478 1637 2542 corpus
1701 2478 1906 2520 sumus
1968 2456 2037 2519 in
2106 2454 2345 2521 Christo
2362 2505 2382 2536 ,
2446 2456 2675 2543 sinyuli

236 2564 436 2621 autem
503 2560 784 2644 (sumus)
850 2557 1008 2623 alter
1073 2558 1326 2623 alterius
1391 2557 1724 2623 membra.“
1786 2594 1871 2605 -—
1915 2558 2064 2622 Dari
2109 2558 2291 2623 dive
2310 2578 2341 2623 r
2361 2576 2391 2623 s
2410 2576 2447 2623 a
2491 2559 2671 2636 dona,

239 2654 512 2724 illustrat
560 2680 609 2726 s.
661 2662 981 2744 apostolus
1029 2660 1439 2725 similitudine
1505 2663 1759 2743 sumpta
1820 2677 1857 2723 a
1918 2675 2268 2741 corp-ore
2310 2660 2672 2737 humano,

239 2758 299 2818 et
342 2760 604 2840 quidem
651 2761 1012 2845 aptissime3
1073 2762 1440 2843 loquebatur
1501 2761 1669 2825 enim
1727 2762 1801 2824 de
1857 2761 2220 2843 mystico
2268 2758 2496 2823 Christi
2538 2778 2671 2825 cor-

240 2874 416 2939 pore,
485 2864 652 2945 quod
719 2866 813 2927 est
876 2864 1102 2928 eccle
1125 2864 1260 2927 sia.
1349 2862 1581 2927 Eadem
1670 2860 2012 2925 similitudo
2095 2859 2293 2924 fusius
2360 2860 2675 2942 proposita

239 2958 463 3042 legitur
514 2969 571 3029 1.
623 2964 757 3030 Cor.
809 2966 907 3043 12,
957 2965 1052 3029 12.
1145 2963 1378 3046 Corpus
1421 2963 1769 3027 humanum
1817 2980 1887 3025 ex
1932 2960 2149 3024 multis
2195 2964 2438 3025 const-at
2465 2980 2670 3026 mem-

245 3058 388 3142 bris,
438 3084 708 3149 quorum
752 3067 1010 3149 quodvis
1055 3085 1232 3132 suam
1277 3064 1470 3129 habet
1513 3063 1897 3127 functionem
1956 3061 2303 3147 (officium),
2360 3062 2544 3144 atque
2594 3064 2671 3127 ad

247 3179 383 3229 eam
427 3169 853 3252 peragendam
903 3187 939 3232 a
981 3171 1251 3232 creatore
1295 3169 1513 3249 aptum
1573 3164 1983 3229 constitutum
2027 3167 2161 3241 est;
2222 3165 2502 3229 attamen
2547 3181 2671 3229 non

245 3262 411 3330 sibi
458 3269 630 3334 soli
675 3273 980 3351 operatur,
1049 3269 1159 3333 sed
1218 3268 1380 3332 toti
1437 3266 1691 3349 corpori.
1784 3265 1881 3329 Ita
1938 3265 2004 3329 in
2066 3254 2459 3343 eccle'sia3
2519 3266 2672 3331 haec

247 3366 338 3430 cst
379 3389 581 3437 unum
625 3390 842 3454 corpus
886 3369 1299 3454 (mysticum),
1349 3369 1527 3452 cujus
1574 3367 1763 3450 caput
1794 3370 1889 3431 est
1914 3365 2336 3446 ChristuS,
2384 3366 2671 3432 membra

246 3484 383 3535 vero
429 3474 566 3557 eJus
612 3473 758 3538 sunt
799 3473 1116 3537 fideles.
1208 3470 1428 3551 Quivis
1494 3469 1697 3534 fidelis
1758 3468 1895 3553 (seu
1941 3467 2339 3553 christianus)
2385 3485 2509 3534 non
2554 3468 2677 3533 sibi

249 3570 360 3635 soli
401 3578 707 3659 operatur,
773 3575 882 3639 sed
940 3575 1136 3639 etiam
1197 3574 1379 3639 debet
1437 3572 1636 3637 aliis
1696 3570 1949 3655 operari.
2038 3570 2115 3634 In
2158 3568 2421 3649 Christo,
2468 3570 2674 3653 capite

249 3666 430 3755 hujus
479 3676 770 3759 corporis,
819 3678 915 3739 est
958 3675 1281 3758 plenitudo
1325 3673 1564 3757 gratiae
1610 3674 1674 3737 et
1717 3670 2033 3747 veritatis3
2097 3671 2171 3735 de
2232 3670 2351 3736 hac
2394 3671 2672 3755 plenitu-

249 3770 388 3837 dine
432 3777 690 3859 quodvis
735 3776 1091 3841 membrum
1145 3775 1318 3859 juxta
1379 3792 1738 3838 mensuram
1803 3792 1949 3837 suae
2015 3772 2159 3837 fidei
2224 3772 2455 3856 accipit
2515 3772 2675 3837 dona

249 3878 518 3953 gratuita
563 3879 628 3943 in
675 3878 946 3943 salutem
1003 3877 1211 3943 totius.
1274 3912 1358 3923 -
1414 3874 1630 3957 πρᾶξις
1686 3876 1748 3939 h.
1794 3874 1833 3938 l.
1895 3892 2019 3939 non
2086 3877 2181 3939 est
2246 3877 2481 3939 actus
2551 3873 2673 3957 (uti

249 3969 519 4061 Vulgata
563 3980 800 4063 habet),
849 3980 958 4043 sed
1002 3978 1348 4061 negotium,
1409 3976 1701 4042 officium,
1752 4014 1835 4024 —
1882 3981 1938 4039 ἐν
1978 3974 2280 4057 ’xpm-vqs,
2325 3976 2405 4040 in
2452 3974 2672 4039 Chri-

251 4079 399 4156 sto,
443 4080 482 4145 i.
531 4100 582 4145 e.
632 4080 877 4146 Christo
923 4098 1031 4164 per
1071 4080 1459 4164 baptismum
1504 4079 1701 4144 veluti
1743 4079 2112 4162 incorporati
2156 4076 2261 4161 (cf.
2310 4076 2370 4155 6,
2420 4075 2565 4160 11.).
2596 4114 2668 4123 —

255 4174 283 4236 ὁ
321 4180 387 4243 δὲ
427 4180 562 4244 καθ’
625 4188 707 4253 εἰς
766 4185 864 4247 est
922 4182 1238 4265 proprium
1295 4182 1549 4265 linguae
1611 4198 1868 4265 graecae
1926 4180 2061 4244 aevi
2118 4177 2436 4261 sequioris,
2484 4177 2671 4260 atque

255 4276 480 4363 dictum
527 4302 668 4369 pro:
717 4284 754 4345 ὁ
794 4287 878 4356 εἱς
921 4283 1059 4345 καθ’
1107 4287 1222 4361 ἕνα,
1268 4284 1306 4348 i.
1356 4302 1406 4347 e.
1457 4283 1703 4367 singuli.

447 4386 523 4452 V.
575 4387 633 4451 6.
703 4384 1052 4467 „Habentes
1115 4384 1282 4449 dona
1345 4382 1673 4447 secundum
1750 4382 2021 4469 qratiam
2043 4428 2063 4461 ,
2143 4400 2299 4465 quac
2364 4377 2519 4443 data
2588 4386 2675 4442 cst

253 4480 434 4568 nobie,
489 4486 738 4551 diversa
749 4490 816 4568 ‚·“
878 4486 1056 4569 quasi
1113 4486 1376 4551 diceret:
1437 4484 1759 4549 Habentes
1813 4482 1974 4549 dona
2016 4480 2205 4561 varia,
2260 4482 2451 4565 'prout
2493 4480 2669 4545 Deus
