3234 4992
507 212 590 278 72
1517 208 1629 262 cap.
1656 211 1712 252 v.
1740 221 1783 252 v.
1812 210 1930 250 1-8.
2040 237 2049 248 .

1529 427 1773 530 caput
1823 429 1903 511 v.

716 599 882 684 Arg
901 601 1234 663 umentu
1257 615 1344 662 m.
1431 597 1779 682 Postquam
1821 599 1889 664 in
1947 598 2368 682 superioribus
2430 599 2746 682 capitibus
2792 617 2945 683 pro-

513 702 788 780 baverat,
835 700 1110 765 nostram
1148 699 1663 784 justificationem
1708 719 1816 783 per
1857 699 2112 765 fidem
2155 703 2404 765 tantum
2438 700 2723 778 obtineri,
2770 721 2945 766 nunc

511 802 758 868 disserit
816 803 893 866 de
956 801 1142 886 hujus
1211 801 1679 885 justificationis
1746 801 1827 866 ef
1833 800 1867 865 f
1872 801 2093 866 eotib
2116 820 2209 866 us
2276 799 2360 886 (v,
2431 802 2725 886 1-11.);
2792 802 2946 866 dein

511 906 846 987 utrumque
890 906 1210 987 parentem
1254 903 1496 987 generis
1542 903 1823 981 humani,
1887 903 2281 968 Adamum
2351 905 2415 966 et
2472 901 2943 977 Christum,

513 1005 800 1088 proponit
840 1003 1058 1069 lectori
1121 1020 1348 1086 eosque
1413 1004 1575 1068 inter
1640 1023 1709 1068 se
1772 1021 1994 1086 comp
2014 1006 2219 1083 arat,
2288 1002 2683 1087 ostenditque
2748 1003 2946 1069 simul

512 1105 961 1172 discrimen
1004 1104 1167 1169 inter
1212 1107 1546 1188 utrumque
1591 1102 1673 1189 (v.
1724 1103 2039 1189 12—21.).

718 1205 795 1272 V.
845 1207 900 1270 1.
945 1204 1329 1290 „Justzjfioati
1368 1226 1506 1291 erqo
1550 1226 1627 1270 σω
1650 1205 1807 1289 fide,
1836 1227 2058 1292 pacem
2097 1205 2381 1270 habemus
2422 1205 2511 1271 ad
2550 1205 2819 1270 Dewm‘ss
2848 1242 2943 1256 -—-

514 1307 720 1372 Adest
759 1306 860 1372 hic
901 1307 1086 1372 lectio
1129 1307 1481 1372 varians.
1531 1307 1807 1390 Vulgata
1848 1307 2035 1390 legit:
2081 1307 2533 1385 habeamus,
2580 1310 2646 1371 et
2687 1325 2836 1372 cum
2868 1325 2949 1372 ea

515 1408 758 1474 codices
799 1407 1082 1473 nonnulli
1124 1405 1229 1492 (A.
1278 1406 1345 1473 C.
1391 1407 1468 1472 D.
1514 1407 1562 1472 Ι.
1597 1406 1728 1492 Κ.),
1772 1407 1969 1475 versio
1994 1407 2262 1492 Syriaca,
2307 1408 2570 1491 coptica,
2616 1407 2945 1492 Origenes,

525 1508 998 1593 chrysostomus
1062 1511 1125 1571 et
1183 1507 1601 1573 Theodoretus
1667 1509 1919 1592 legunt:
1985 1511 2241 1590 exapta»,-
2304 1509 2414 1573 alii
2479 1527 2623 1574 vero
2692 1509 2945 1574 codices

521 1610 708 1676 multi
752 1613 816 1674 et
858 1609 1168 1676 versiones
1212 1609 1446 1675 habent
1487 1613 1690 1692 ἔχομεν
1735 1610 1953 1692 (habe
1974 1610 2183 1695 mus).
2274 1609 2510 1675 Sensus
2554 1610 2619 1673 in
2662 1609 2946 1674 essentia

524 1713 622 1776 est
664 1710 850 1774 idem.
900 1709 1022 1775 Sed
1065 1729 1256 1792 quum
1303 1693 1488 1776 lectio
1534 1714 1749 1794 ἐχωμεν
1794 1711 2189 1776 contextui
2245 1730 2369 1777 non
2412 1712 2565 1776 satis
2610 1711 2942 1776 convenire

519 1812 782 1891 videtur,
829 1812 1054 1896 quippe
1101 1831 1293 1896 quum
1338 1814 1657 1896 apostolus
1700 1813 1856 1878 nihil
1900 1812 2149 1891 indicet,
2195 1813 2535 1878 orationem
2588 1830 2768 1876 suam
2806 1811 2946 1896 jam

521 1931 686 1978 nunc
729 1911 973 1978 flectere
1015 1915 1286 1979 voluisse
1329 1916 1408 1980 ad
1453 1915 1599 1980 exh
1622 1914 2155 1992 ortationem3
2214 1917 2279 1978 et
2321 1915 2483 1997 quia,
2531 1913 2585 1977 si
2626 1913 2949 1996 apostolus

521 2034 686 2080 nunc
730 2015 1036 2082 exhortari
1077 2016 1394 2095 voluisset,
1440 2034 1548 2100 pro
1594 2015 1743 2100 ἔχειν
1784 2013 2008 2098 εἰρήνην
2073 2015 2461 2081 adhibuisset
2522 2017 2631 2080 aut
2694 2017 2950 2100 κατέχειν

521 2121 631 2182 aut
675 2113 996 2199 φυλάσσειν
1039 2121 1150 2182 aut
1191 2125 1381 2200 τηρεῖν
1424 2115 1673 2200 εἰρήνην,
1716 2117 2114 2201 praeferenda
2156 2119 2252 2182 est
2296 2116 2480 2181 lectio
2524 2115 2775 2198 ἕχομεν;
2824 2136 2951 2200 qua

391 2287 398 2293 x
529 2220 734 2284 stante
779 2237 1002 2284 sensus
1046 2222 1172 2284 est:
1217 2220 1420 2302 Igitur
1455 2219 1788 2304 justificati
1830 2236 1939 2301 per
1980 2218 2169 2282 fidem
2212 2219 2278 2282 in
2324 2215 2661 2296 Christum,
2730 2219 2949 2302 pacato

523 2322 587 2384 et
629 2319 959 2402 tranquillo
1023 2321 1168 2383 ante
1213 2320 1416 2385 Deum
1485 2339 1703 2385 sumus
1770 2319 1977 2385 animo
2042 2321 2107 2383 et
2172 2338 2208 2386 a
2272 2319 2475 2384 malae
2540 2319 2952 2386 conscientiae

525 2421 860 2486 terroribus
882 2420 1081 2500 liberi,
1126 2423 1342 2504 utpote
1383 2420 1514 2486 Deo
1556 2421 1952 2486 reconciliati.
2001 2456 2084 2468 --
2128 2420 2291 2500 „Per
2321 2419 2658 2484 Dominum
2676 2429 2955 2485 nostrum

524 2521 739 2586 Jesam
790 2519 1157 2600 Christum&
1223 2522 1260 2586 i.
1311 2541 1360 2586 e.
1431 2525 1677 2588 auctore
1744 2522 2011 2588 Domino
2075 2524 2286 2586 nostro
2336 2521 2397 2586 J.
2448 2520 2580 2602 ch„
2646 2524 2954 2604 quatenus

524 2639 638 2688 nos
682 2641 792 2705 per
833 2622 1096 2686 mortem
1165 2641 1344 2687 suam
1387 2623 1519 2688 Deo
1579 2623 2015 2688 reconciliavit.
2064 2658 2148 2670 —
2191 2621 2354 2706 Ergo
2413 2623 2711 2707 primus
2764 2622 2957 2707 justi-

527 2721 830 2790 ficationis
873 2724 1118 2788 nostrae
1162 2723 1404 2790 fructus
1439 2727 1535 2789 est
1578 2743 1761 2808 pax,
1809 2725 2396 2808 tranquillitas
2440 2723 2957 2790 conscientiae

529 2843 600 2890 ex
643 2823 885 2890 meritis
928 2828 992 2890 et
1035 2825 1113 2890 ob
1159 2825 1385 2891 merita
1429 2823 1683 2890 Christi.

727 2924 827 2996 V„
868 2925 927 2990 2.
995 2925 1166 3006 „Per
1227 2947 1398 3012 quem
1462 2926 1647 2990 ctiam
1711 2947 2009 2990 accessum
2072 2925 2392 2990 habuimus
2441 2948 2563 3013 per
2608 2925 2806 3011 fidem
2870 2924 2961 2988 ad

527 3027 801 3114 qratiam
841 3027 1086 3107 istam“,
1141 3027 1180 3092 i.
1230 3045 1282 3092 e.
1330 3047 1441 3111 per
1485 3047 1671 3112 quem
1738 3027 2057 3093 Christum
2120 3028 2455 3111 participes
2520 3028 2673 3094 facti
2734 3045 2957 3092 sumus

526 3147 652 3214 per·
680 3129 870 3196 fidem
914 3129 1152 3213 gratiae
1210 3127 1695 3212 justificationis,
1748 3165 1833 3176 --
1879 3127 2161 3194 Christus
2226 3133 2326 3194 est
2391 3147 2426 3194 o
2450 3129 2491 3194 b
2508 3129 2534 3213 j
2560 3149 2595 3194 e
2616 3132 2695 3194 ct
2716 3129 2739 3193 i
2761 3149 2801 3193 v
2822 3148 2867 3194 u
2890 3147 2957 3206 S,

527 3230 682 3296 fides
746 3248 886 3296 vero
955 3249 986 3295 s
1007 3230 1108 3296 ub
1125 3229 1151 3314 j
1178 3249 1210 3295 e
1232 3248 1268 3295 c
1289 3233 1318 3294 t
1340 3230 1362 3295 i
1385 3250 1423 3295 v
1445 3250 1488 3296 u
1514 3250 1544 3296 s
1619 3230 1926 3296 mediator
1998 3230 2185 3314 hujus
2250 3231 2505 3316 gratiae.
2596 3231 2717 3295 Per
2782 3227 2959 3312 χάριν

530 3331 858 3414 (gratiam)
901 3331 1200 3414 intelligit
1245 3351 1294 3396 s.
1341 3331 1658 3414 apostolus
1693 3331 1754 3396 h.
1782 3332 1822 3396 l.
1849 3332 2123 3415 proxime
2166 3332 2433 3415 gratiam
2470 3331 2957 3416 justificationis,

539 3450 610 3497 ex
653 3449 792 3514 qua,
835 3432 932 3496 uti
975 3451 1047 3496 ex
1091 3432 1356 3516 quadam
1403 3432 1628 3510 radice,
1687 3451 1806 3516 pax
1846 3433 2084 3517 prodit3
2150 3435 2259 3498 sed
2300 3451 2570 3500 unacum
2611 3431 2723 3496 illa
2764 3431 2960 3498 simul

531 3532 832 3616 intelligit
877 3533 1086 3597 omnia
1128 3533 1170 3598 b
1194 3551 1229 3598 o
1253 3553 1295 3598 n
1319 3553 1357 3599 a
1400 3534 1765 3618 spiritualia,
1830 3552 2091 3617 quorum
2157 3535 2345 3600 homo
2404 3533 2788 3617 Justificatus
2848 3543 2961 3616 per

531 3633 720 3699 fidem
764 3632 1071 3717 particeps
1113 3633 1204 3712 fit,
1247 3635 1344 3699 uti
1387 3635 1759 3701 illuminatio
1804 3635 1883 3700 ad
1927 3637 2131 3700 Deum
2176 3636 2688 3720 cognoscendum,
2752 3652 2959 3700 corro-

530 3733 772 3800 boratio
837 3751 947 3818 per
1009 3733 1245 3799 laetam
1307 3753 1485 3818 spem
1553 3736 1616 3800 et
1680 3735 2051 3801 charitatem
2116 3735 2459 3816 efficacem,
2526 3735 2955 3813 sanctificatio,

533 3834 780 3918 adoptio
823 3834 1116 3915 filiorum,
1157 3835 1541 3919 glorificatio.
1588 3874 1671 3884 —-
1704 3837 1829 3917 „In
1850 3859 1975 3924 qua
1994 3842 2288 3917 stamus‘ss
2330 3838 2369 3902 i.
2396 3857 2450 3904 e.
2474 3856 2663 3920 quam
2684 3836 2954 3920 gratiam

530 3955 698 4003 nunc
741 3935 1150 4020 possidemus.
1200 3973 1278 3984 ——
1323 3937 1452 4017 „Et
1491 3935 1836 4023 yloriamur
1898 3939 1966 4001 in
2010 3960 2115 4024 spe
2176 3937 2415 4024 yloriae
2454 3938 2642 4018 Dei“,
2706 3938 2745 4002 i.
2794 3956 2845 4002 e.
2893 3937 2958 4001 in
3008 3968 3015 3974 -

532 4055 656 4122 qua
700 4055 811 4102 seu
855 4037 931 4102 de
977 4055 1098 4120 qua
1138 4037 1342 4122 gratia
1385 4038 1576 4103 etiam
1619 4039 1979 4122 gloriamur,
2046 4039 2369 4122 sperantes
2434 4039 2609 4104 illam
2670 4039 2955 4123 gloriam,

532 4157 658 4222 qua
699 4139 869 4207 Deus
907 4137 1280 4223 justificatos
1323 4139 1388 4204 in
1432 4141 1683 4208 aeterna
1747 4140 2133 4206 beatitudine
2196 4144 2291 4208 est
2350 4141 2828 4225 glorificaturus.
2872 4177 2958 4190 ·--

530 4240 810 4323 Vulgata
847 4241 1076 4306 habet:
1120 4241 1356 4326 gloriae
1398 4241 1785 4307 filiorum
1830 4242 1995 4307 Dei.
2044 4278 2125 4290 -
2169 4243 2443 4308 Firma
2486 4261 2681 4326 spes
2724 4243 2957 4327 gloriae

532 4340 777 4412 futurae
822 4346 918 4408 est
960 4361 991 4410 s
1013 4362 1045 4408 e
1065 4361 1215 4414 cun
1235 4343 1276 4412 d
1294 4363 1338 4414 u
1357 4363 1388 4409 s
1432 4342 1675 4413 fructus
1712 4342 2171 4430 justificationis
2215 4347 2478 4413 nostrae..

1337 4648 1377 4667 «0
