3234 4992
1244 263 1352 315 0⁸1).
1380 264 1459 306 XI.
1484 274 1530 306 v.
1557 264 1726 307 24—25.
2587 266 2707 336 197

234 466 266 509 e
339 448 575 510 contra
649 448 911 526 Judaei,
983 450 1037 514 si
1099 468 1278 515 suam
1335 451 1835 516 incredulitatem
1897 452 2181 516 deserant
2243 451 2452 534 (fidem
2516 453 2712 517 susei-

230 548 519 630 piendo),
579 549 804 614 denuo
848 552 1199 615 inserentur
1242 551 1446 616 arbori
1489 553 1687 618 olivae
1734 552 1799 635 (i.
1849 572 1901 616 e.
1929 552 2289 637 ecclesiae);
2338 572 2480 617 nam
2524 553 2708 633 Deua,

232 649 341 731 qui
390 650 613 715 olivae
665 651 948 716 inserere
993 654 1197 736 potuit
1249 654 1481 720 alienae
1541 654 1774 719 arboris
1836 672 2059 730 ramos
2122 654 2295 718 tanto
2355 657 2556 737 magis
2604 657 2712 717 de-

229 750 474 815 fractos
541 752 633 816 ab
711 753 854 835 ipsa
915 754 1078 818 oliva
1135 773 1377 832 ramoS,
1455 756 1656 819 eidem
1721 774 1931 819 rursus
1998 756 2265 820 inserere
2325 757 2568 839 poterit,
2632 793 2712 801 —

230 851 442 916 Hisce
516 854 753 919 verbis
816 855 1133 938 apostolus
1187 874 1388 920 novo
1448 860 1815 939 argumento
1880 856 2167 933 ostendit,
2214 874 2336 920 non
2384 877 2516 921 esse
2564 877 2712 937 gen-

230 952 490 1031 tilibus,
545 973 670 1019 cur
720 973 868 1038 prae
915 956 1174 1021 Judaeis
1222 956 1537 1039 (defractis
1581 958 1801 1039 ramis)
1864 976 1927 1021 se
1976 957 2231 1021 efferant
2292 975 2512 1037 eosque
2572 977 2716 1021 cun-

230 1057 586 1133 temnant;
663 1060 938 1139 possunt
999 1058 1163 1123 enim
1224 1059 1292 1123 hi
1319 1107 1333 1135 ,
1404 1059 1457 1122 si
1518 1058 1765 1133 volunt,
1836 1058 2033 1122 olivae
2098 1058 2322 1121 iterum
2383 1057 2584 1121 inseri.
2632 1097 2716 1105 Ἶ-

232 1153 432 1220 Porro
485 1158 694 1222 docet
739 1158 912 1223 hisce
937 1158 1162 1237 verbiS,
1209 1160 1570 1241 gratiam
1619 1160 1983 1223 divinam
2031 1163 2094 1222 et
2153 1158 2412 1223 liberam
2440 1161 2712 1221 huminis

234 1257 662 1323 voluntatem
740 1262 1168 1342 cooperari
1237 1260 1472 1340 debere,
1539 1264 1611 1324 ut
1665 1261 1849 1325 homo
1919 1260 1996 1324 ad
2045 1260 2315 1324 salutem
2360 1260 2420 1323 in
2472 1257 2716 1321 Christ-J

234 1359 605 1439 perveniat.

409 1528 413 1533 ,
457 1460 542 1525 V.
598 1462 712 1527 24.
761 1462 979 1541 „Nam
1021 1464 1078 1525 si
1119 1472 1185 1525 tu
1227 1484 1303 1525 eoe
1345 1462 1630 1526 naturali
1668 1464 1905 1527 excisus
1949 1483 2009 1525 es
2052 1459 2335 1540 oleastro,
2380 1469 2432 1525 et
2464 1469 2716 1545 praete-r

238 1569 556 1624 naturam
606 1564 838 1627 insitus
881 1585 940 1625 es
983 1564 1050 1626 in
1096 1562 1311 1627 bonam
1355 1563 1580 1627 olivam
1594 1588 1617 1645 ,·
1660 1574 1886 1649 quanto
1909 1563 2107 1648 mayis
2141 1564 2223 1640 hi,
2266 1562 2373 1648 qui
2392 1561 2716 1625 secundum

241 1669 557 1726 naturam
607 1674 776 1743 emit,
819 1666 1160 1728 inserentur
1191 1666 1493 1751 propriae
1548 1665 1809 1729 olivae.“
1853 1702 1936 1712 —-
1982 1665 2175 1729 Versu
2220 1666 2340 1729 hoc
2384 1685 2468 1729 ca
2491 1685 2520 1729 u
2544 1685 2628 1729 sa
2652 1685 2712 1729 m>

244 1762 431 1827 affert
498 1766 948 1849 praecedentis
1011 1767 1356 1830 sententiae
1404 1768 1486 1849 (v.
1533 1768 1687 1850 23),
1754 1768 1884 1830 scil.
1934 1767 2209 1831 Judaeos
2263 1767 2484 1831 iterum
2532 1785 2712 1849 posse

247 1863 445 1929 inseri
495 1868 716 1932 arbori
764 1868 960 1932 olivae
1006 1868 1378 1952 (ecclesiae),
1443 1870 1505 1931 et
1566 1868 1815 1949 quidem
1864 1867 2358 1950 argumentando
2404 1885 2440 1929 a
2484 1869 2712 1929 diffi-

249 1966 558 2032 ciliori
608 1970 711 2034 ad
756 1969 1049 2034 faciliu
1080 1988 1126 2035 s,
1174 2006 1256 2016 —
1300 1970 1401 2033 Ad
1447 1972 1634 2035 verba
1679 1972 1736 2030 οἱ
1782 1967 1929 2029 κατὰ
1993 1966 2170 2049 φύσιν
2230 1987 2300 2032 ex
2343 1969 2712 2050 praeceden-

252 2066 426 2133 tibus
502 2070 932 2152 supplendum
1003 2074 1096 2133 est
1161 2070 1316 2140 ὄντες
1381 2068 1607 2132 κλάδοι.
1696 2070 1849 2135 Vult
1908 2088 2052 2152 ergo
2112 2069 2432 2152 apostolus
2480 2069 2712 2133 dicere:

253 2165 319 2230 Si
377 2187 494 2234 vos
561 2172 873 2254 gentiles,
941 2172 1062 2252 qui,
1127 2190 1247 2253 qua
1306 2173 1492 2248 taleS,
1557 2172 2007 2236 secundum
2073 2171 2343 2234 vestram
2404 2173 2708 2245 naturam,

255 2272 477 2351 utpote
552 2274 636 2336 ab
706 2272 1200 2337 idololatris
1281 2272 1638 2355 parentibus
1720 2272 2022 2355 originem
2110 2290 2287 2335 suam
2373 2273 2712 2345 trahentes,

252 2387 515 2449 prorsus
566 2373 828 2436 alieni
873 2372 1085 2437 fuistis
1131 2392 1168 2437 a
1212 2392 1400 2456 regno
1444 2374 1577 2450 Dei,
1626 2392 1660 2437 c
1686 2377 1928 2438 ontra
1972 2374 2278 2449 naturam,
2327 2391 2464 2437 cun]
2496 2373 2712 2434 essetis

257 2470 516 2536 oleastri
565 2474 731 2538 rami
769 2475 1114 2551 naturaleS,
1146 2475 1319 2539 insiti
1364 2476 1604 2540 fueritis
1648 2493 1979 2559 generosae
2024 2475 2239 2554 olivae,
2291 2473 2440 2538 facti
2484 2493 2712 2537 mem*

257 2571 400 2636 bra
445 2575 641 2658 regni
691 2575 803 2639 Dei
850 2577 1344 2658 (ecclesiae),
1393 2580 1623 2659 quanto
1668 2577 1912 2641 facilius
1958 2576 2203 2654 Judaei‚
2264 2576 2368 2657 qui
2412 2577 2488 2637 cb
2536 2593 2712 2637 suan]

262 2689 298 2734 a
344 2678 600 2740 sanctis
655 2677 1023 2759 patriarchis
1085 2677 1383 2759 originem
1449 2679 1595 2742 sunt
1653 2697 1988 2761 generosae
2049 2679 2246 2743 olivae
2305 2677 2496 2741 veluti
2556 2677 2712 2737 rami

191 2846 209 2872 r
264 2779 764 2855 naturaleS,
811 2778 1123 2842 naturalia
1168 2778 1339 2861 regni
1386 2779 1502 2843 Dei
1548 2781 1848 2857 membra,
1910 2797 2056 2843 suae
2111 2796 2324 2841 rursus
2369 2778 2716 2841 inserentur

271 2874 494 2957 olivae,
570 2878 726 2943 fient
793 2879 1077 2943 membra
1140 2879 1324 2961 hujus
1397 2882 1573 2963 regni
1638 2881 1755 2943 Dei
1834 2879 2203 2961 (ecclesiae).
2274 2913 2359 2923 —
2424 2877 2712 2941 Ueterum

265 2977 629 3063 utriusque,
677 2980 901 3044 Judaei
950 2985 1012 3043 et
1057 2980 1330 3063 gentilis,
1379 2981 1676 3045 admissio
1738 2982 1815 3044 ad
1876 2981 2040 3044 bona
2084 2997 2275 3043 novae
2322 2981 2712 3042 oeconomiae

270 3075 604 3158 (ecclesiae
650 3080 728 3145 N.
759 3082 856 3163 T.)
903 3082 996 3145 est
1039 3081 1443 3164 gratuita3
1493 3082 1600 3145 sed
1627 3081 1825 3145 multo
1870 3080 2117 3145 facilius
2143 3082 2386 3161 poterat
2432 3077 2712 3145 Judaens

269 3177 378 3244 illa
423 3182 1038 3265 bona’participare,
1106 3202 1297 3265 quum
1343 3202 1485 3247 eum
1541 3182 1674 3264 jam
1737 3181 2032 3264 professio
2094 3181 2712 3250 monotheismi.

271 3278 683 3348 instituta
759 3284 1150 3361 Mosaica,
1236 3284 1847 3366 promissiones
1922 3282 2286 3346 Messiae
2354 3281 2716 3363 patriarchis

272 3380 500 3466 factae,
549 3390 612 3449 et
654 3386 1086 3450 vaticinia
1130 3385 1571 3467 prophetarum
1599 3384 1845 3449 facilius
1874 3385 2130 3467 possent
2172 3401 2416 3448 movere
2464 3385 2540 3445 ad
2584 3401 2716 3445 an]-

277 3484 680 3563 plectendam
725 3486 757 3550 f
768 3487 1012 3565 idem,
1057 3505 1168 3569 per
1213 3505 1395 3569 quam
1444 3489 1689 3569 poterat
1744 3486 2053 3569 particeps
2114 3484 2249 3549 fieri
2311 3485 2560 3549 illorum
2608 3481 2716 3545 hn-

276 3601 518 3666 norum,
570 3588 948 3652 nominatim
987 3587 1473 3670 justificationis.

487 3688 562 3753 V.
612 3688 712 3753 25.
763 3687 976 3767 „Nolo
1021 3690 1178 3753 enim
1222 3710 1326 3752 vos
1370 3690 1679 3774 iynomre,
1708 3688 1980 3773 frati-38,
2040 3688 2387 3772 mysterium
2448 3689 2572 3765 hoc,
2624 3689 2720 3769 (ut

277 3805 397 3849 ‘non
453 3790 589 3852 sitis
652 3789 823 3853 vobis
879 3792 1033 3877 ipsis
1089 3791 1460 3876 sapientes),
1519 3789 1981 3852 obdurationem
2036 3810 2110 3852 eoe
2161 3798 2346 3874 parte
2408 3789 2720 3873 contigisse

281 3884 526 3970 Israeli,
598 3891 787 3954 donec
843 3892 1166 3977 plenitudo
1225 3892 1487 3977 qentium
1551 3891 1941 3953 intraverit.“
2004 3926 2089 3939 --
2159 3888 2335 3969 Quod
2404 3889 2716 3969 apostolus

279 3988 448 4067 prius
509 3991 594 4075 (v.
643 3992 742 4057 23.
793 3993 946 4077 seq.)
1013 4012 1050 4057 a
1109 3994 1240 4059 Deo
1302 3992 1671 4076 sperandum
1737 4010 1871 4055 esse
1933 3991 2158 4068 docuit,
2227 3990 2343 4054 hoc
2408 4009 2568 4053 nnnc
2612 3989 2720 4049 di-

282 4093 525 4160 seruis
593 4094 865 4158 verbis
936 4094 1338 4172 declarat,
1421 4094 1661 4158 scilicet
1743 4092 2021 4156 futurum
2090 4110 2241 4168 esse,
2312 4093 2381 4153 ut
2448 4089 2716 4173 pupulus

281 4186 663 4258 Israeliticus
730 4196 1179 4260 universus
1241 4197 1635 4259 convertatur
1694 4194 1770 4257 ad
1832 4193 2019 4257 fidem
2067 4194 2129 4256 et
2174 4191 2333 4256 bona
2374 4209 2568 4253 nuvae
2612 4209 2716 4253 ne-

285 4294 597 4358 conomiae
645 4296 972 4377 (ecclesiae
1033 4294 1110 4359 N.
1159 4296 1277 4379 T.)‚
1343 4296 1712 4360 nominatim
1767 4293 2298 4377 justificationem,
2368 4293 2712 4374 participet.

291 4424 359 4435 —
405 4395 709 4477 Loquitur
753 4396 812 4461 h.
859 4398 899 4460 l.
950 4416 998 4461 s,
1047 4398 1362 4480 apostolus
1428 4400 1728 4479 tanquam
1773 4395 2179 4478 propheta
2225 4394 2299 4457 de
2343 4393 2552 4457 futura
2596 4393 2636 4457 J
2648 4413 2715 4457 11--

288 4488 574 4561 daeorum
639 4504 820 4579 sorte,
889 4502 951 4563 et
1013 4498 1198 4563 verba
1264 4498 1460 4581 ipsius
1518 4497 1843 4563 illustrant
1900 4497 2099 4561 multa
2141 4495 2216 4559 V.
2266 4495 2335 4561 Τ.
2385 4497 2520 4561 luca
2576 4513 2712 4577 prc-
