3234 4992
539 220 660 285 106
1499 216 1607 270 σῳ.
1636 218 1737 261 vn.
1765 230 1811 261 v.
1838 220 2005 261 10-10.

742 405 817 469 V.
853 406 949 470 10.
997 404 1173 490 „Eyo
1216 426 1357 469 vero
1399 413 1673 470 mortuus
1714 408 1909 486 sum“‚
1950 406 1990 471 i.
2038 423 2090 471 e.
2138 423 2251 490 ego
2298 424 2472 483 vero,
2530 406 2671 489 quia
2716 404 2997 489 cupidi-

534 506 767 571 tatibus
808 507 1033 589 pravis,
1081 526 1234 589 quas
1276 507 1775 590 concupiscentia
1812 507 1879 572 in
1914 527 2016 572 me
2052 507 2359 586 excitavit,
2407 507 2669 585 obedivi,
2707 509 3001 589 propter

533 607 1092 690 transgressionem
1135 608 1292 691 legis
1330 612 1612 673 mortuus
1656 626 1798 673 sum
1844 610 2043 673 morte
2086 607 2330 673 animae
2370 606 2533 692 (coll.
2572 608 2631 686 6,
2673 606 2835 691 23).
2908 642 2985 653 --

535 707 599 773 Si
642 708 777 791 jam
834 708 1174 773 sententiae
1218 709 1361 774 inde
1405 728 1442 773 a
1487 730 1542 777 ν.
1569 709 1795 775 8-10.
1832 728 2152 793 expressae
2192 709 2355 773 inter
2392 727 2461 773 se
2500 711 2999 791 comparentur,

537 813 862 892 sequentes
909 810 1137 875 adsunt
1179 811 1689 877 antitheses:
1749 811 2177 894 peccatum
2225 812 2626 875 mortu-um
2670 810 2762 873 et:
2810 826 3001 893 ego

535 911 932 987 vivebam3
989 911 1167 975 dein:
1219 906 1641 994 peccatum
1692 912 2014 976 revixit
2054 914 2148 975 et:
2184 928 2326 995 ego
2363 913 2725 975 mortuus
2762 928 2995 975 sum.

534 1048 608 1059 -—
637 1011 764 1091 „Et
784 1012 876 1075 ita
898 1021 1180 1098 conpertus
1207 1035 1360 1093 eum,
1395 1014 1777 1093 mandatum,
1808 1011 1969 1098 quod
2006 1011 2095 1075 ad
2127 1012 2338 1091 vitam,
2375 1011 2481 1075 hoc
2513 1010 2603 1075 ad
2633 1014 2999 1091 mortem“;

529 1113 567 1177 i.
597 1132 644 1177 e.
673 1116 736 1177 et
780 1114 870 1178 ita
906 1118 1190 1197 expertus
1233 1133 1392 1194 sum,
1437 1116 1664 1199 legem,
1710 1133 1863 1197 quae
1907 1132 1944 1177 a
1974 1114 2103 1177 Deo
2140 1112 2287 1177 data
2324 1116 2474 1192 erat,
2520 1114 2592 1177 ut
2634 1111 2993 1177 hominem

528 1214 891 1297 perduceret
927 1214 1007 1279 ad
1042 1234 1252 1279 veram
1285 1216 1499 1293 vitam,
1549 1216 1679 1281 scil.
1725 1215 2074 1281 sanctitatis
2119 1217 2182 1279 et
2225 1214 2375 1280 olim
2424 1215 2739 1280 beatitatis
2787 1214 2993 1297 (coll.

527 1314 1185 1401 Matth.19,16,l7.),
1213 1334 1343 1381 esse
1387 1318 1466 1382 ad
1512 1320 1797 1386 mortem.
1846 1354 1924 1363 -
1969 1319 2065 1377 καὶ
2106 1316 2165 1380 11.
2194 1316 2233 1381 l.
2273 1318 2371 1381 est·
2414 1315 2991 1381 consecutive

533 1417 946 1481 sumendum:
1015 1419 1093 1480 et
1137 1417 1284 1495 ita,
1348 1432 1456 1483 seu
1500 1418 1647 1483 hoc
1706 1419 1954 1484 modo.
2004 1454 2082 1465 —-
2127 1416 2479 1498 εὑρίσκομαι,
2536 1416 2985 1496 invenior,

529 1519 668 1582 dein
710 1518 975 1599 tropice:
1023 1518 1312 1602 experior,
1357 1538 1476 1585 usu
1523 1537 1847 1604 cognosco.
1895 1520 1996 1584 Ad
2042 1518 2141 1600 τήν
2187 1517 2347 1599 ζωήν
2394 1517 2808 1603 supplendum
2864 1521 2983 1583 001

526 1620 624 1684 vel
669 1618 820 1681 οὐσα
862 1621 962 1684 vel
1004 1623 1286 1697 δοθεῖσα,
1347 1622 1409 1685 01
1451 1622 1529 1685 ad
1572 1625 1657 1693 εἰς
1698 1620 1969 1683 θάνατον
2016 1619 2613 1703 subintelligendum
2657 1616 2825 1680 οὐσα.
2886 1656 2975 1664 -—

530 1720 710 1800 Quod
754 1721 1128 1785 contrarium
1173 1722 1413 1787 factum
1458 1722 1572 1802 sit,
1636 1741 1822 1789 causa
1863 1722 2051 1807 hujus
2095 1740 2219 1787 non
2264 1724 2361 1787 est
2403 1722 2519 1801 lex,
2566 1720 2675 1786 sed
2716 1722 2974 1789 0011011-

526 1822 830 1906 piscentia
872 1823 936 1887 in
979 1823 1232 1888 homine
1273 1823 1581 1891 habitans.
1649 1826 1723 1889 Id
1768 1826 1832 1889 in
1878 1824 2279 1907 sequentibus
2326 1824 2592 1907 explicat
2636 1820 2819 1908 (γὰρ).

733 1924 804 1991 V.
851 1926 946 1989 11.
1018 1925 1237 2004 „Nam
1287 1934 1604 2011 peccatum
1663 1926 2032 1990 occasionem
2092 1924 2484 2010 (impulsum)
2544 1933 2789 1989 maehum
2832 1944 2975 2009 per

526 2024 906 2105 mandatum,
953 2024 1184 2111 decepit
1225 2048 1337 2107 me,
1381 2036 1438 2091 et
1463 2048 1584 2113 per
1626 2026 1789 2091 illud
1832 2026 2132 2107 occidiff‘;
2173 2026 2213 2091 1.
2239 2045 2291 2090 0.
2326 2043 2472 2090 nam
2518 2026 2685 2093 mala
2725 2042 2975 2092 conou-

525 2127 864 2210 piscentia,
931 2128 1076 2192 data
1118 2128 1537 2211 prohibitione
1580 2130 1970 2195 occasionem
2016 2131 2079 2192 et
2121 2127 2465 2211 impulsum
2510 2144 2783 2204 sumens,
2841 2144 2975 2208 per

455 2275 461 2282 -
528 2229 689 2293 salsa
731 2228 1088 2306 ratiocinia,
1152 2230 1230 2293 ad
1272 2230 1468 2297 instar
1511 2230 1814 2313 serpentis
1858 2229 1925 2294 in
1968 2229 2275 2312 paradiso,
2334 2246 2436 2293 me
2480 2228 2720 2311 decepit
2762 2230 2829 2291 et
2873 2228 2971 2292 ad

523 2348 675 2413 opus
728 2329 991 2394 vetitum
1040 2330 1386 2395 seducendo
1431 2332 1658 2397 occidit
1702 2351 1800 2395 me
1848 2334 2046 2396 morte
2092 2330 2399 2413 spirituali
2460 2328 2595 2414 (seu
2653 2328 2961 2414 animae).

725 2430 796 2494 V.
846 2430 941 2494 12.
990 2430 1250 2515 „Itaque
1305 2429 1405 2495 lex
1461 2432 1701 2518 quidem
1744 2441 1980 2511 sancta,
2040 2440 2097 2495 et
2154 2430 2516 2497 mandatum
2556 2438 2851 2507 sanctum,
2903 2440 2970 2493 et

511 2533 750 2619 justum
793 2540 849 2593 et
892 2530 1172 2596 bonum.“
1228 2567 1312 2578 —
1369 2534 1505 2597 Hoc
1561 2553 1632 2598 ex
1694 2551 1881 2617 supra
1926 2532 2106 2599 dictis
2162 2532 2588 2598 concludit
2626 2532 2965 2615 ‚apostolus

522 2632 734 2697 contra
799 2631 1206 2714 objectionem
1270 2652 1327 2697 V.
1376 2635 1432 2698 Ἰ.
1479 2634 1748 2713 factam,
1818 2636 1880 2697 et
1946 2653 2167 2699 sensus
2233 2634 2361 2699 est:
2434 2632 2594 2699 Cum
2662 2650 2808 2717 ergo
2851 2632 2961 2697 lex

520 2733 758 2797 homini
803 2733 948 2797 data
991 2732 1196 2812 fuerit,
1257 2736 1329 2798 ut
1388 2734 1520 2819 ipse
1563 2735 1762 2800 vitam
1831 2734 2097 2819 (veram)
2142 2734 2419 2814 haberet,
2477 2734 2692 2799 innata
2734 2736 2958 2799 autem

521 2834 616 2898 illi
649 2833 1141 2917 concupiscentia
1173 2835 1340 2901 mala
1373 2836 1580 2921 ipsum
1621 2837 1941 2901 occasione
1992 2837 2151 2919 legis
2198 2836 2263 2901 in
2305 2838 2565 2919 peccata
2586 2822 2961 2919 impulerit,

522 2934 791 3019 profecto
825 2935 1238 3016 consequitur,
1284 2936 1408 3019 legi
1442 2936 1600 3001 nihil
1624 2956 1763 3001 esse
1796 2955 1937 3001 011111
1974 2940 2227 3020 peccato
2260 2954 2615 3014 commune,
2658 2935 2764 3001 sod
2808 2947 2957 3003 cam

521 3055 658 3101 esse
683 3038 982 3114 sanctam,
1023 3038 1085 3099 et
1107 3037 1505 3119 praeceptum
1531 3037 1665 3119 ejus
1692 3057 1828 3102 esse
1854 3040 2162 3115 sanctum,
2204 3038 2450 3120 justum
2471 3040 2539 3129 et
2560 3037 2815 3103 bonnm.
2863 3072 2957 3091 -ι-

517 3138 879 3203 Praedicata
915 3135 1096 3219 dreng,
1142 3140 1370 3210 δικαίος
1413 3139 1474 3203 01
1509 3138 1746 3221 α’γαθος
1784 3142 1931 3204 sunt
1966 3156 2342 3223 synonyma3
2387 3138 2453 3203 id
2494 3138 2751 3223 apparet
2784 3137 2954 3215 inde,

523 3239 683 3320 quod
725 3239 877 3303 haec
920 3240 1272 3321 praedicata
1315 3240 1526 3306 addita
1588 3241 1717 3305 sint
1775 3259 1897 3304 non
1940 3240 2076 3305 voci
2116 3235 2326 3319 νόμος,
2385 3238 2497 3306 0οᾶ
2540 3238 2673 3303 voci
2720 3235 2955 3318 ἐντολή,

527 3338 618 3402 ita
659 3339 730 3402 ut
769 3356 886 3404 vox
932 3338 1102 3421 οἱγιυς
1144 3341 1346 3431 prima
1390 3340 1522 3405 vice
1571 3357 1690 3423 -pro
1736 3341 2023 3406 omnibus
2074 3341 2275 3406 tribus
2320 3340 2641 3407 vocabulis
2682 3358 2955 3423 sequen·-

523 3437 689 3503 tibus
730 3440 932 3521 posita
972 3440 1070 3505 sit.
1120 3440 1421 3509 Attamen
1462 3444 1667 3526 potest
1705 3443 1803 3506 lex
1844 3442 1995 3506 haec
2040 3444 2329 3507 sancta
2372 3441 2511 3519 dici,
2560 3440 2705 3523 quia
2742 3458 2951 3519 omne,

523 3539 680 3623 quod
719 3540 1035 3623 praecipit,
1080 3545 1321 3607 rectum
1367 3543 1429 3607 01
1474 3543 1809 3619 mundum3
1855 3543 2063 3626 potest
2099 3542 2337 3626 justa
2382 3542 2521 3619 dici,
2569 3541 2715 3623 quia
2749 3544 2953 3613 trans·-

525 3658 835 3723 gressores
882 3660 1024 3707 suos
1071 3644 1150 3707 ad
1194 3664 1454 3727 poenam
1518 3645 1929 3721 condemnat3
1994 3647 2055 3708 et
2098 3644 2345 3723 bona,
2410 3643 2555 3726 quia
2617 3642 2785 3720 iuis,
2843 3644 2953 3725 qui

523 3758 658 3805 eam
707 3749 974 3819 servant,
1035 3743 1226 3809 vitam
1274 3745 1536 3827 largitur
1577 3764 1786 3812 veram
1834 3743 1989 3827 (imo
2036 3748 2099 3809 et
2144 3744 2503 3828 aeternam).
2538 3780 2623 3791 —-
2656 3742 2949 3811 Ceterum

519 3841 687 3925 οἱγιος
731 3844 964 3908 directe
1008 3845 1336 3927 opponitur
1377 3850 1454 3927 τῇ
1495 3844 1751 3928 ἁμαρτίᾳ
1794 3865 1849 3910 v.
1896 3846 1954 3910 7.

726 3944 800 4009 V.
831 3946 927 4010 13.
976 3944 1206 4025 „Quod
1242 3946 1432 4029 iyitur
1469 3946 1687 4011 bonum
1724 3946 1928 4032 (erat),
1972 3967 2137 4010 mors
2177 3945 2331 4009 mihi
2356 3943 2609 4028 factum
2650 3944 2823 4008 est&
2866 3980 2951 3995 --

519 4044 587 4107 τὸ
635 4044 870 4125 ἀγαθον
917 4045 1204 4130 (1001111111)
1249 4046 1633 4112 abstractum
1690 4048 1966 4131 positum
2024 4065 2132 4129 pro
2193 4047 2376 4129 lege
2418 4044 2695 4129 (νόμος),
2760 4064 2949 4128 quam

517 4166 696 4212 versu
728 4164 1090 4229 praegresso
1135 4147 1176 4212 b
1195 4164 1418 4212 onam
1467 4149 1717 4212 dixerat.
1769 4186 1839 4193 --
1890 4144 2159 4219 θάνατος
2192 4166 2303 4231 pro
2345 4151 2429 4219 εἰς
2469 4144 2758 4224 θάνατον,
2806 4148 2845 4213 1.
2894 4168 2948 4213 0.

519 4265 705 4314 causa
735 4247 973 4312 mortis,
1023 4248 1254 4315 Sensus
1297 4250 1424 4311 est:
1471 4250 1573 4312 An
1602 4248 1718 4324 lex,
1764 4268 1871 4331 per
1909 4268 1975 4314 se
2011 4250 2190 4327 bona,
2236 4248 2401 4314 facta
2440 4251 2535 4313 est
2573 4249 2729 4313 mihi
2760 4266 2950 4315 cansa

519 4348 787 4415 mortis?
847 4368 994 4415 seu:
1053 4349 1216 4415 mihi
1259 4350 1501 4433 peperit
1544 4352 1861 4414 mortem?
1910 4386 1971 4397 -
2028 4349 2313 4430 „Absit“,
2366 4351 2405 4414 i.
2453 4368 2507 4413 0.
2550 4349 2667 4415 hoc
2710 4349 2948 4433 impos-

520 4450 700 4521 sibile
747 4454 808 4515 et
851 4450 1213 4517 absurdum.
1243 4493 1322 4508 —
1347 4450 1518 4533 „Sed
1549 4455 1933 4537 peccatum“,
1978 4451 2105 4517 scil.
2134 4451 2292 4517 mihi
2334 4452 2573 4518 factum
2618 4454 2719 4517 est
2757 4468 2945 4531 mors,
