3234 4992
636 216 760 281 144
1626 216 1736 270 οφ.
1762 218 1889 260 vm.
1914 230 1965 260 v.
1989 219 2057 261 se.

629 401 671 464 2
689 450 706 479 ,
753 400 885 483 15.)
941 399 1017 465 de
1071 420 1137 465 m
1153 400 1317 466 alis
1373 402 1612 486 angelis
1630 451 1648 482 ,
1707 421 1965 485 quorum
1985 452 2002 483 ,
2060 402 2153 468 uti
2210 402 2512 468 bonorum
2528 449 2549 481 ,
2611 402 2765 467 varii
2823 402 3025 467 dantur

635 500 897 566 ordines,
939 535 1024 548 —
1059 502 1229 566 Dum
1272 504 1482 591 autem
1526 504 1845 586 apostolus
1890 503 2061 583 dicit,
2108 503 2301 568 etiam
2342 503 2385 568 b
2404 520 2439 567 o
2456 522 2497 567 n
2514 520 2549 568 o
2566 522 2597 567 s
2642 503 2893 586 angelos
2932 521 3023 567 nos

627 618 751 666 non
794 618 974 683 posse
1016 619 1296 687 separare
1339 621 1378 667 a
1426 602 1733 669 charitate
1776 604 1911 682 Dei,
1957 602 2333 688 hypothesin
2378 603 2603 669 statuit
2662 603 3023 687 impossi-

625 702 910 782 bilem,
957 702 1258 784 quomodo
1302 704 1367 769 in
1410 704 1675 787 epistola
1718 704 1797 769 ad
1832 704 2189 769 Galatas
2233 704 2325 789 (1,
2363 704 2492 789 18.)
2526 704 2677 769 dicit
2716 704 3027 770 anathema

627 804 845 887 angelo
889 802 964 867 de
1008 805 1195 883 coelo,
1243 806 1296 869 si
1337 805 1669 870 annunciet
1713 805 2124 889 evangelium,
2169 805 2679 870 contrarium
2728 806 2843 883 illi,
2888 806 3026 887 quod

623 904 757 985 ipse
819 903 1133 985 apostolus
1211 905 1710 969 annunciaverat.
1784 941 1869 951 —-
1940 905 2379 989 Expressiones
2460 905 2829 989 sequentes:
2891 925 2932 969 n
2954 924 2981 969 e
2998 924 3025 969 c

624 1004 1082 1083 instantia,
1137 1023 1282 1069 nec
1325 1005 1624 1083 futura,
1672 1005 2006 1089 designant
2049 1006 2463 1089 metonymice
2506 1006 2741 1088 omnia,
2787 1024 2938 1088 quae
2973 1004 3024 1067 in

623 1106 979 1189 tempore
1031 1106 1208 1185 fiunt,
1272 1106 1432 1171 sicut
1487 1106 1897 1171 excelsum
1957 1109 2019 1170 et
2076 1105 2567 1189 profundum
2628 1106 3021 1190 metonymice

622 1204 919 1271 denotant
968 1207 1208 1285 omnia,
1276 1224 1433 1289 quae
1473 1206 1540 1271 in
1597 1224 1735 1289 spa
1754 1206 1870 1270 tio
1932 1207 2345 1272 continentur.
2445 1208 2566 1271 Per
2606 1206 2835 1273 verba:
2899 1224 3023 1270 nec

620 1305 786 1371 alia
835 1306 1179 1388 quaevis
1236 1308 1621 1371 creatura
1679 1306 1960 1390 designat
2000 1307 2317 1388 apostolus
2362 1307 2575 1371 omnia
2617 1307 2892 1391 (praeter
2930 1306 3018 1370 hie

621 1407 1006 1489 enumerata)
1050 1407 1320 1471 creata.
1361 1443 1434 1452 —
1487 1403 1690 1488 α’γοῖπη
1732 1413 1859 1467 του*
1890 1410 2047 1469 θεοῦ
2089 1410 2186 1471 est
2228 1408 2497 1472 charitas
2541 1407 2660 1472 Dei
2706 1425 2855 1491 erga
2895 1424 3020 1482 1166,

626 1524 811 1588 quam
857 1507 1026 1571 Deus
1071 1507 1250 1572 nobis
1292 1507 1355 1571 in
1402 1506 1648 1573 Christo
1665 1556 1681 1588 ,
1745 1507 1967 1572 salutis
2024 1510 2271 1573 nostrae
2316 1508 2655 1573 mediatore
2674 1557 2691 1588 ,
2754 1508 3017 1585 exhibuit,

617 1609 680 1670 et
722 1624 831 1689 per
853 1606 1153 1690 Spiritum
1190 1608 1467 1672 suumin
1510 1608 1695 1673 corda
1738 1608 1949 1673 nostra
1990 1609 2224 1673 effudit.
2292 1609 2465 1688 Quae
2499 1609 2799 1688 charitaS,
2845 1626 3011 1691 quum

619 1707 702 1770 sit
756 1724 942 1790 supra
997 1724 1246 1771 omnem
1311 1707 1610 1791 temporis
1672 1708 2081 1774 differentiam
2147 1709 2213 1774 et
2269 1728 2457 1774 omne
2518 1709 2799 1792 spatium
2816 1756 2833 1787 ,
2900 1708 3018 1790 quia

615 1810 886 1887 aeterna,
935 1808 1202 1874 sublime
1227 1808 1423 1874 fertur
1465 1809 1545 1875 ad
1589 1811 1798 1892 ipsum
1821 1810 2047 1888 Deum,
2093 1829 2128 1874 e
2171 1828 2291 1893 quo
2326 1809 2663 1877 emanavit.
2737 1806 3011 1875 Nonnulli

586 1907 854 1976 ,codices
916 1911 1057 1992 post
1118 1911 1402 1989 μέλλοντα
1455 1910 1674 1993 legunt
1733 1909 1865 1971 οὔτε
1921 1908 2226 1993 δυνάμεις,
2299 1930 2454 1993 quae
2514 1912 2704 1976 verba
2771 1911 3013 1993 Vulgata

603 2008 842 2073 reddit:
897 2027 1156 2091 neque
1199 2010 1274 2075 fo
1291 2010 1646 2088 rtitudo;
1709 2011 1765 2075 si
1808 2012 2114 2096 legantur,
2161 2012 2571 2097 intelligenda
2621 2014 2719 2077 est
2766 2009 3015 2095 potentia

615 2111 676 2173 et
717 2110 901 2175 robur
940 2109 1290 2194 principum
1333 2111 1376 2175 h
1393 2131 1434 2176 u
1445 2111 1472 2195 j
1491 2130 1532 2175 11
1550 2130 1580 2176 s
1626 2112 1863 2177 mundi.

1547 2300 1826 2378 Pars
1851 2302 2109 2393 ΙΙΙ.

679 2442 1203 2523 ludaeorum
1273 2444 1671 2527 exclusio
1740 2471 1783 2527 a
1850 2447 2163 2551 populo
2230 2446 2382 2527 Dei
2452 2454 2533 2527 ct
2600 2471 2643 2527 a
2712 2446 2955 2527 bonis

1196 2562 1671 2664 promissis
1717 2563 1802 2675 N.
1854 2565 1933 2644 Τ.
1986 2572 2076 2662 (6.
2130 2564 2466 2667 9-11.).

812 2712 986 2791 Pars,
1035 2730 1190 2795 quae
1221 2732 1384 2778 nunc
1429 2732 1466 2779 a
1509 2716 1715 2799 capite
1744 2716 1805 2780 9.
1834 2736 2029 2799 usque
2062 2718 2144 2782 ad
2174 2734 2227 2783 6.
2257 2718 2353 2782 11.
2391 2716 2698 2782 inclusive
2734 2716 3000 2800 sequitur,

611 2813 936 2877 constituit
977 2812 1268 2878 ultimam
1310 2818 1556 2896 partem
1598 2816 1793 2883 totius
1838 2818 2222 2884 tractationis
2267 2819 2341 2882 de
2376 2817 3003 2901 Justificatione

609 2914 741 2980 tam
765 2913 1168 2995 Judaeorum,
1213 2932 1399 2997 quam
1434 2918 1786 2999 gentilium,
1834 2938 1942 3003 per
1982 2919 2174 2984 fidem
2218 2919 2261 2985 J
2265 2938 2372 2985 esu
2417 2918 2670 2984 Christi.
2740 2918 3000 2983 Declara-

609 3015 841 3080 tionem
867 3016 1334 3099 justificationis
1369 3036 1478 3100 per
1513 3017 1701 3083 fidem
1728 3018 1961 3085 Christi
1986 3021 2305 3105 apostolus
2334 3020 2469 3105 jam
2516 3021 2694 3086 initio
2734 3018 3000 3104 epistolae

607 3115 794 3199 huJus
853 3116 938 3201 (1,
1003 3121 1101 3185 16.
1150 3122 1277 3207 17.)
1335 3124 1767 3207 proposuerat,
1837 3140 2097 3204 eamque
2163 3122 2305 3186 dein
2362 3121 2461 3205 (3,
2525 3123 2612 3187 20
2645 3158 2719 3170 -
2754 3122 2835 3202 4,
2893 3118 2998 3201 25.)

609 3218 954 3300 expoliavit,
998 3221 1383 3308 interpositis
1428 3223 1566 3288 aliis
1606 3221 1681 3308 (c.
1722 3224 1764 3288 5
1783 3260 1855 3269 -——
1880 3223 1969 3307 8.)
2014 3222 2093 3287 ad
2137 3224 2505 3307 ampliorem
2550 3226 2997 3309 explicationem

605 3334 798 3383 novae
841 3325 1236 3389 oeconomiae
1282 3323 1438 3409 (scil.
1474 3322 1737 3409 gratiae)
1782 3343 1891 3407 per
1929 3324 2387 3408 redemptorem
2417 3327 2461 3393 J
2463 3346 2642 3391 esum
2685 3326 2995 3393 Christum.

607 3414 816 3495 Quum
850 3423 1062 3486 autem
1086 3422 1315 3489 Judaei
1353 3442 1424 3489 ex
1469 3444 1582 3490 sua
1622 3427 2169 3509 generatione
2214 3428 2533 3493 carnali
2576 3446 2615 3492 a
2655 3426 2994 3512 patriarchis

608 3517 672 3579 et
715 3536 788 3581 ex
831 3537 865 3583 o
875 3522 1216 3602 peribus
1258 3526 1427 3608 legi
1447 3544 1476 3590 s
1523 3526 1643 3591 sibi
1676 3527 2001 3609 privilegia
2034 3529 2098 3592 et
2121 3528 2265 3611 jura
2296 3529 2655 3610 tribuerent,
2700 3528 2994 3614 apostolus

605 3616 808 3699 capite
851 3620 909 3683 9.
958 3620 1143 3705 (quod
1179 3624 1315 3706 Jam
1358 3644 1411 3689 c.
1447 3627 1504 3691 3.
1551 3627 1614 3691 et
1656 3627 1714 3691 4.
1746 3626 2205 3713 declaraverat),
2266 3629 2350 3695 fu
2374 3630 2543 3711 sius
2586 3631 2813 3714 probat
2851 3645 2994 3713 gra-

603 3718 900 3784 tuitam
954 3740 1090 3787 esse
1145 3727 1499 3807 gratiam
1554 3725 1771 3790 fidei
1825 3730 1887 3791 et
1940 3728 2626 3811 justificationis·
2661 3750 2775 3816 per
2815 3731 2991 3803 fidem,

603 3836 797 3902 quum
839 3822 1008 3886 Deus
1070 3841 1250 3887 suam
1309 3826 1576 3909 gratiam
1640 3828 1793 3893 nulli
1835 3828 2160 3893 hominum
2218 3830 2458 3896 debeat.
2550 3830 2771 3915 Capite
2812 3830 2991 3896 autem

604 3920 700 3985 10.
749 3921 948 4001 docet,
996 3941 1318 3989 causam
1362 3926 1730 4010 rejectionis,
1778 3947 1883 3992 seu
1916 3930 2278 3995 exclusionis
2299 3929 2345 3996 J
2347 3932 2687 3997 udaeorum
2711 3933 2792 3998 ab
2830 3931 2990 4011 adop·

600 4021 770 4087 tione
813 4022 878 4087 in
923 4025 1220 4107 populum
1264 4024 1383 4089 Dei
1425 4026 1506 4095 N.
1553 4027 1623 4091 Τ.
1672 4028 1734 4092 et
1776 4047 1814 4093 a
1855 4029 2036 4094 bonis
2099 4030 2154 4094 ei
2203 4031 2559 4113 promissis,
2623 4051 2762 4097 esse
2806 4046 2987 4097 eorum

600 4120 1324 4203 incredulitatem3
1391 4128 1452 4191 et
1493 4128 1751 4193 tandem
1795 4130 1996 4212 capite
2042 4132 2139 4194 11.
2188 4132 2268 4196 ad
2309 4130 2697 4197 Judaeorum
2744 4134 2986 4198 dolorem

601 4221 960 4288 leniendum
998 4224 1195 4306 docet,
1239 4226 1401 4291 hanc
1433 4245 1643 4293 eorum
1675 4229 2073 4311 rejectionem
2116 4231 2319 4297 solum
2364 4251 2499 4297 esse
2541 4234 2983 4316 partialem,

599 4340 796 4405 neque
838 4344 880 4407 p
897 4344 1028 4411 erp
1045 4346 1078 4392 e
1096 4330 1178 4393 tu
1195 4347 1311 4393 am
1328 4378 1344 4408 ,
1392 4330 1552 4413 quia,
1600 4331 1843 4412 quando
1888 4332 2205 4413 plenitudo
2247 4335 2531 4417 gentium
2577 4336 2644 4399 in
2686 4334 2979 4401 ecclesiam

599 4422 940 4507 intraverit,
984 4429 1185 4495 omnis
1227 4430 1272 4497 J
1273 4430 1609 4497 udaeorum
1654 4432 1921 4515 populus
1966 4434 2045 4497 ad
2090 4432 2409 4501 Christum
2453 4438 2856 4503 convertetur.
