<?xml version="1.0" encoding="UTF-8"?>
<!DOCTYPE html PUBLIC "-//W3C//DTD XHTML 1.0 Transitional//EN"
    "http://www.w3.org/TR/xhtml1/DTD/xhtml1-transitional.dtd">
<html xmlns="http://www.w3.org/1999/xhtml" xml:lang="en" lang="en">
 <head>
  <title>
</title>
<meta http-equiv="Content-Type" content="text/html;charset=utf-8" />
  <meta name='ocr-system' content='tesseract 3.04.00' />
  <meta name='ocr-capabilities' content='ocr_page ocr_carea ocr_par ocr_line ocrx_word'/>
</head>
<body>
  <div class='ocr_page' id='page_1' title='image "./commentariusine00klofgoog_0221.png"; bbox 0 0 3234 4992; ppageno 0'>
   <div class='ocr_carea' id='block_1_1' title="bbox 1249 267 2713 340">
    <p class='ocr_par' dir='ltr' id='par_1_1' title="bbox 1249 267 2713 340">
     <span class='ocr_line' id='line_1_1' title="bbox 1249 267 2713 340; baseline 0.02 -29"><span class='ocrx_word' id='word_1_1' title='bbox 1249 267 1360 324; x_wconf 59' lang='grc' dir='ltr'>οη».</span> <span class='ocrx_word' id='word_1_2' title='bbox 1385 269 1510 313; x_wconf 84' lang='lat' dir='ltr'>xm.</span> <span class='ocrx_word' id='word_1_3' title='bbox 1531 282 1579 314; x_wconf 77' lang='lat' dir='ltr'>v.</span> <span class='ocrx_word' id='word_1_4' title='bbox 1605 270 1775 315; x_wconf 79' lang='lat'>10-11.</span> <span class='ocrx_word' id='word_1_5' title='bbox 2590 272 2713 340; x_wconf 83' lang='grc'>217</span> 
     </span>
    </p>
   </div>
   <div class='ocr_carea' id='block_1_2' title="bbox 284 432 2730 4402">
    <p class='ocr_par' dir='ltr' id='par_1_2' title="bbox 284 432 2723 2576">
     <span class='ocr_line' id='line_1_2' title="bbox 290 432 2715 543; baseline 0.002 -24"><span class='ocrx_word' id='word_1_6' title='bbox 290 432 389 519; x_wconf 67' lang='lat' dir='ltr'>es⁸t</span> <span class='ocrx_word' id='word_1_7' title='bbox 456 454 523 519; x_wconf 90' lang='lat' dir='ltr'>in</span> <span class='ocrx_word' id='word_1_8' title='bbox 590 455 884 538; x_wconf 80' lang='lat' dir='ltr'>decalogo</span> <span class='ocrx_word' id='word_1_9' title='bbox 949 460 1370 541; x_wconf 87' lang='lat' dir='ltr'>praeceptum,</span> <span class='ocrx_word' id='word_1_10' title='bbox 1438 458 1787 543; x_wconf 83' lang='lat' dir='ltr'>proximum</span> <span class='ocrx_word' id='word_1_11' title='bbox 1852 457 2208 542; x_wconf 76' lang='lat' dir='ltr'>respiciens.</span> <span class='ocrx_word' id='word_1_12' title='bbox 2298 458 2451 524; x_wconf 88' lang='lat' dir='ltr'>Post</span> <span class='ocrx_word' id='word_1_13' title='bbox 2500 474 2715 523; x_wconf 85' lang='lat' dir='ltr'>vocem</span> 
     </span>
     <span class='ocr_line' id='line_1_3' title="bbox 288 556 2715 643; baseline 0.003 -26"><span class='ocrx_word' id='word_1_14' title='bbox 288 556 494 637; x_wconf 71' lang='grc' dir='ltr'><strong><em>ἐντολή</em></strong></span> <span class='ocrx_word' id='word_1_15' title='bbox 543 556 642 620; x_wconf 87' lang='lat' dir='ltr'>est</span> <span class='ocrx_word' id='word_1_16' title='bbox 683 558 1133 640; x_wconf 88' lang='lat' dir='ltr'>supplendum:</span> <span class='ocrx_word' id='word_1_17' title='bbox 1181 562 1322 637; x_wconf 74' lang='grc' dir='ltr'><strong><em>ἐστι,</em></strong></span> <span class='ocrx_word' id='word_1_18' title='bbox 1366 565 1428 625; x_wconf 90' lang='lat' dir='ltr'>et</span> <span class='ocrx_word' id='word_1_19' title='bbox 1471 562 1661 625; x_wconf 90' lang='lat' dir='ltr'>simul</span> <span class='ocrx_word' id='word_1_20' title='bbox 1684 560 2316 643; x_wconf 83' lang='lat' dir='ltr'>subintelligendum:</span> <span class='ocrx_word' id='word_1_21' title='bbox 2361 561 2441 624; x_wconf 89' lang='lat' dir='ltr'>in</span> <span class='ocrx_word' id='word_1_22' title='bbox 2490 561 2715 625; x_wconf 87' lang='lat' dir='ltr'>deca-</span> 
     </span>
     <span class='ocr_line' id='line_1_4' title="bbox 286 660 2720 746; baseline 0 -22"><span class='ocrx_word' id='word_1_23' title='bbox 286 660 509 742; x_wconf 90' lang='lat' dir='ltr'>log0,</span> <span class='ocrx_word' id='word_1_24' title='bbox 574 677 696 742; x_wconf 85' lang='lat' dir='ltr'>qua</span> <span class='ocrx_word' id='word_1_25' title='bbox 755 661 927 742; x_wconf 88' lang='lat' dir='ltr'>parte</span> <span class='ocrx_word' id='word_1_26' title='bbox 991 662 1196 745; x_wconf 84' lang='lat' dir='ltr'>agitur</span> <span class='ocrx_word' id='word_1_27' title='bbox 1257 662 1332 726; x_wconf 87' lang='lat' dir='ltr'>de</span> <span class='ocrx_word' id='word_1_28' title='bbox 1391 661 1610 728; x_wconf 88' lang='lat' dir='ltr'>officiis</span> <span class='ocrx_word' id='word_1_29' title='bbox 1672 680 1818 746; x_wconf 88' lang='lat' dir='ltr'>erga</span> <span class='ocrx_word' id='word_1_30' title='bbox 1878 662 2243 746; x_wconf 89' lang='lat' dir='ltr'>proximum.</span> <span class='ocrx_word' id='word_1_31' title='bbox 2308 698 2382 708; x_wconf 90' lang='lat'>—</span> <span class='ocrx_word' id='word_1_32' title='bbox 2448 663 2571 741; x_wconf 82' lang='lat' dir='ltr'>„In</span> <span class='ocrx_word' id='word_1_33' title='bbox 2612 662 2720 726; x_wconf 79' lang='lat' dir='ltr'>hoc</span> 
     </span>
     <span class='ocr_line' id='line_1_5' title="bbox 289 758 2717 848; baseline 0.002 -25"><span class='ocrx_word' id='word_1_34' title='bbox 289 758 471 824; x_wconf 79' lang='lat' dir='ltr'>verbo</span> <span class='ocrx_word' id='word_1_35' title='bbox 515 762 861 823; x_wconf 71' lang='lat' dir='ltr'>summatim</span> <span class='ocrx_word' id='word_1_36' title='bbox 903 762 1486 848; x_wconf 55' lang='lat' dir='ltr'>comprehenditur-‘2</span> <span class='ocrx_word' id='word_1_37' title='bbox 1528 764 1571 832; x_wconf 93' lang='lat' dir='ltr'>i.</span> <span class='ocrx_word' id='word_1_38' title='bbox 1617 784 1669 829; x_wconf 92' lang='lat' dir='ltr'>e.</span> <span class='ocrx_word' id='word_1_39' title='bbox 1717 764 1925 829; x_wconf 88' lang='lat' dir='ltr'>omnia</span> <span class='ocrx_word' id='word_1_40' title='bbox 1978 764 2130 827; x_wconf 87' lang='lat' dir='ltr'>haec</span> <span class='ocrx_word' id='word_1_41' title='bbox 2174 766 2499 846; x_wconf 87' lang='lat' dir='ltr'>praecepta</span> <span class='ocrx_word' id='word_1_42' title='bbox 2544 782 2717 828; x_wconf 89' lang='lat' dir='ltr'>sum-</span> 
     </span>
     <span class='ocr_line' id='line_1_6' title="bbox 287 861 2719 949; baseline 0.002 -24"><span class='ocrx_word' id='word_1_43' title='bbox 287 862 516 926; x_wconf 90' lang='lat' dir='ltr'>matim</span> <span class='ocrx_word' id='word_1_44' title='bbox 583 864 1186 947; x_wconf 89' lang='lat' dir='ltr'>comprehenduntur</span> <span class='ocrx_word' id='word_1_45' title='bbox 1237 866 1437 931; x_wconf 74' lang='lat' dir='ltr'>,unico</span> <span class='ocrx_word' id='word_1_46' title='bbox 1502 866 1621 930; x_wconf 90' lang='lat' dir='ltr'>hoc</span> <span class='ocrx_word' id='word_1_47' title='bbox 1687 866 1997 931; x_wconf 82' lang='lat' dir='ltr'>mandate.</span> <span class='ocrx_word' id='word_1_48' title='bbox 2099 861 2546 946; x_wconf 74' lang='grc' dir='ltr'><em>ἀνακεφαλαιόω</em></span> <span class='ocrx_word' id='word_1_49' title='bbox 2618 863 2719 949; x_wconf 86' lang='lat' dir='ltr'>(ex</span> 
     </span>
     <span class='ocr_line' id='line_1_7' title="bbox 285 960 2719 1051; baseline 0.004 -28"><span class='ocrx_word' id='word_1_50' title='bbox 285 960 409 1025; x_wconf 68' lang='grc' dir='ltr'><em>ἄνοι’</em></span> <span class='ocrx_word' id='word_1_51' title='bbox 456 966 518 1028; x_wconf 90' lang='lat' dir='ltr'>et</span> <span class='ocrx_word' id='word_1_52' title='bbox 562 962 924 1048; x_wconf 57' lang='lat' dir='ltr'>usrpazoeco&#39;m)</span> <span class='ocrx_word' id='word_1_53' title='bbox 972 970 1099 1031; x_wconf 88' lang='lat' dir='ltr'>est:</span> <span class='ocrx_word' id='word_1_54' title='bbox 1147 968 1210 1032; x_wconf 92' lang='lat' dir='ltr'>in</span> <span class='ocrx_word' id='word_1_55' title='bbox 1254 986 1446 1031; x_wconf 86' lang='lat' dir='ltr'>unum</span> <span class='ocrx_word' id='word_1_56' title='bbox 1495 970 1683 1050; x_wconf 88' lang='lat' dir='ltr'>caput</span> <span class='ocrx_word' id='word_1_57' title='bbox 1726 968 1951 1050; x_wconf 87' lang='lat' dir='ltr'>redigo,</span> <span class='ocrx_word' id='word_1_58' title='bbox 1998 967 2060 1032; x_wconf 93' lang='lat' dir='ltr'>in</span> <span class='ocrx_word' id='word_1_59' title='bbox 2112 985 2426 1033; x_wconf 88' lang='lat' dir='ltr'>summam</span> <span class='ocrx_word' id='word_1_60' title='bbox 2470 968 2719 1051; x_wconf 80' lang='lat' dir='ltr'>redig03</span> 
     </span>
     <span class='ocr_line' id='line_1_8' title="bbox 284 1064 2723 1155; baseline 0.001 -26"><span class='ocrx_word' id='word_1_61' title='bbox 284 1064 434 1129; x_wconf 91' lang='lat' dir='ltr'>hinc</span> <span class='ocrx_word' id='word_1_62' title='bbox 497 1068 863 1132; x_wconf 90' lang='lat' dir='ltr'>summatim</span> <span class='ocrx_word' id='word_1_63' title='bbox 927 1071 1396 1152; x_wconf 78' lang='lat' dir='ltr'>comprehendo.</span> <span class='ocrx_word' id='word_1_64' title='bbox 1451 1107 1518 1117; x_wconf 81' lang='lat'>-</span> <span class='ocrx_word' id='word_1_65' title='bbox 1590 1068 1876 1155; x_wconf 72' lang='lat' dir='ltr'>„Diliyes</span> <span class='ocrx_word' id='word_1_66' title='bbox 1927 1070 2281 1155; x_wconf 66' lang='lat' dir='ltr'>prox-imum</span> <span class='ocrx_word' id='word_1_67' title='bbox 2324 1078 2512 1147; x_wconf 77' lang='lat' dir='ltr'>tuum,</span> <span class='ocrx_word' id='word_1_68' title='bbox 2568 1069 2723 1133; x_wconf 78' lang='lat' dir='ltr'>sicut</span> 
     </span>
     <span class='ocr_line' id='line_1_9' title="bbox 285 1166 2719 1256; baseline 0.002 -27"><span class='ocrx_word' id='word_1_69' title='bbox 285 1166 609 1252; x_wconf 71' lang='lat' dir='ltr'>teipsam.“</span> <span class='ocrx_word' id='word_1_70' title='bbox 693 1166 866 1233; x_wconf 82' lang='lat' dir='ltr'>Dicit</span> <span class='ocrx_word' id='word_1_71' title='bbox 911 1168 1110 1233; x_wconf 71' lang='grc' dir='ltr'><strong><em>ἑαυτόν</em></strong></span> <span class='ocrx_word' id='word_1_72' title='bbox 1154 1190 1262 1254; x_wconf 91' lang='lat' dir='ltr'>pro</span> <span class='ocrx_word' id='word_1_73' title='bbox 1307 1168 1573 1252; x_wconf 72' lang='grc' dir='ltr'>σεαυτόν,</span> <span class='ocrx_word' id='word_1_74' title='bbox 1621 1173 1766 1256; x_wconf 89' lang='lat' dir='ltr'>quia</span> <span class='ocrx_word' id='word_1_75' title='bbox 1800 1169 1998 1234; x_wconf 72' lang='grc' dir='ltr'><strong><em>ἑαυτόν</em></strong></span> <span class='ocrx_word' id='word_1_76' title='bbox 2036 1190 2217 1254; x_wconf 84' lang='lat' dir='ltr'>saepe</span> <span class='ocrx_word' id='word_1_77' title='bbox 2265 1170 2454 1235; x_wconf 87' lang='lat' dir='ltr'>etiam</span> <span class='ocrx_word' id='word_1_78' title='bbox 2500 1188 2537 1234; x_wconf 85' lang='lat' dir='ltr'>a</span> <span class='ocrx_word' id='word_1_79' title='bbox 2580 1188 2719 1252; x_wconf 89' lang='lat' dir='ltr'>pro-</span> 
     </span>
     <span class='ocr_line' id='line_1_10' title="bbox 284 1267 2717 1358; baseline 0.002 -27"><span class='ocrx_word' id='word_1_80' title='bbox 284 1267 452 1332; x_wconf 81' lang='lat' dir='ltr'>fanis</span> <span class='ocrx_word' id='word_1_81' title='bbox 516 1270 920 1353; x_wconf 77' lang='lat' dir='ltr'>scriptoribus</span> <span class='ocrx_word' id='word_1_82' title='bbox 979 1272 1311 1338; x_wconf 78' lang='lat' dir='ltr'>adhibetur</span> <span class='ocrx_word' id='word_1_83' title='bbox 1375 1275 1448 1338; x_wconf 90' lang='lat' dir='ltr'>de</span> <span class='ocrx_word' id='word_1_84' title='bbox 1514 1276 1775 1358; x_wconf 86' lang='lat' dir='ltr'>prima</span> <span class='ocrx_word' id='word_1_85' title='bbox 1832 1275 1895 1339; x_wconf 89' lang='lat' dir='ltr'>et</span> <span class='ocrx_word' id='word_1_86' title='bbox 1950 1272 2307 1339; x_wconf 88' lang='lat' dir='ltr'>secunda</span> <span class='ocrx_word' id='word_1_87' title='bbox 2363 1288 2637 1355; x_wconf 85' lang='lat' dir='ltr'>persona.</span> <span class='ocrx_word' id='word_1_88' title='bbox 2672 1270 2717 1355; x_wconf 78' lang='grc'>1)</span> 
     </span>
     <span class='ocr_line' id='line_1_11' title="bbox 284 1370 2719 1459; baseline 0.002 -26"><span class='ocrx_word' id='word_1_89' title='bbox 284 1409 368 1419; x_wconf 90' lang='lat'><em>-</em></span> <span class='ocrx_word' id='word_1_90' title='bbox 418 1370 588 1434; x_wconf 89' lang='lat' dir='ltr'>Dum</span> <span class='ocrx_word' id='word_1_91' title='bbox 633 1370 819 1436; x_wconf 85' lang='lat' dir='ltr'>dicit:</span> <span class='ocrx_word' id='word_1_92' title='bbox 880 1372 1103 1438; x_wconf 89' lang='lat' dir='ltr'>sicut</span> <span class='ocrx_word' id='word_1_93' title='bbox 1171 1376 1565 1459; x_wconf 90' lang='lat' dir='ltr'>teipsum,</span> <span class='ocrx_word' id='word_1_94' title='bbox 1636 1394 1704 1440; x_wconf 89' lang='lat' dir='ltr'>eo</span> <span class='ocrx_word' id='word_1_95' title='bbox 1769 1393 1889 1440; x_wconf 91' lang='lat' dir='ltr'>non</span> <span class='ocrx_word' id='word_1_96' title='bbox 1959 1374 2223 1458; x_wconf 82' lang='lat' dir='ltr'>exigitur</span> <span class='ocrx_word' id='word_1_97' title='bbox 2289 1372 2539 1437; x_wconf 90' lang='lat' dir='ltr'>dilectio</span> <span class='ocrx_word' id='word_1_98' title='bbox 2605 1390 2719 1437; x_wconf 87' lang='lat' dir='ltr'>ae-</span> 
     </span>
     <span class='ocr_line' id='line_1_12' title="bbox 287 1471 2716 1560; baseline 0.002 -26"><span class='ocrx_word' id='word_1_99' title='bbox 287 1471 568 1553; x_wconf 90' lang='lat' dir='ltr'>qualis</span> <span class='ocrx_word' id='word_1_100' title='bbox 617 1473 767 1555; x_wconf 92' lang='lat' dir='ltr'>(non</span> <span class='ocrx_word' id='word_1_101' title='bbox 813 1474 980 1539; x_wconf 89' lang='lat' dir='ltr'>enim</span> <span class='ocrx_word' id='word_1_102' title='bbox 1029 1476 1210 1541; x_wconf 90' lang='lat' dir='ltr'>dicit:</span> <span class='ocrx_word' id='word_1_103' title='bbox 1260 1480 1647 1559; x_wconf 90' lang='lat' dir='ltr'>quantum</span> <span class='ocrx_word' id='word_1_104' title='bbox 1692 1481 1769 1542; x_wconf 89' lang='lat' dir='ltr'>te</span> <span class='ocrx_word' id='word_1_105' title='bbox 1823 1477 2142 1560; x_wconf 89' lang='lat' dir='ltr'>ipsum),</span> <span class='ocrx_word' id='word_1_106' title='bbox 2205 1475 2314 1539; x_wconf 90' lang='lat' dir='ltr'>sed</span> <span class='ocrx_word' id='word_1_107' title='bbox 2360 1473 2716 1550; x_wconf 83' lang='lat' dir='ltr'>similis;</span> 
     </span>
     <span class='ocr_line' id='line_1_13' title="bbox 289 1572 2720 1663; baseline 0.001 -27"><span class='ocrx_word' id='word_1_108' title='bbox 289 1572 551 1638; x_wconf 91' lang='lat' dir='ltr'>dilectio</span> <span class='ocrx_word' id='word_1_109' title='bbox 595 1574 893 1640; x_wconf 91' lang='lat' dir='ltr'>nimirum</span> <span class='ocrx_word' id='word_1_110' title='bbox 939 1577 1136 1643; x_wconf 90' lang='lat' dir='ltr'>nostri</span> <span class='ocrx_word' id='word_1_111' title='bbox 1181 1580 1544 1661; x_wconf 87' lang='lat' dir='ltr'>proponitur</span> <span class='ocrx_word' id='word_1_112' title='bbox 1587 1582 1889 1661; x_wconf 87' lang='lat' dir='ltr'>tanquam</span> <span class='ocrx_word' id='word_1_113' title='bbox 1935 1581 2214 1663; x_wconf 80' lang='lat' dir='ltr'>typuS,</span> <span class='ocrx_word' id='word_1_114' title='bbox 2264 1575 2720 1658; x_wconf 87' lang='lat' dir='ltr'>exemplum</span> 
     </span>
     <span class='ocr_line' id='line_1_14' title="bbox 288 1677 2719 1763; baseline 0.001 -25"><span class='ocrx_word' id='word_1_115' title='bbox 288 1677 354 1739; x_wconf 90' lang='lat' dir='ltr'>et</span> <span class='ocrx_word' id='word_1_116' title='bbox 421 1678 714 1759; x_wconf 86' lang='lat' dir='ltr'>regula</span> <span class='ocrx_word' id='word_1_117' title='bbox 771 1677 1114 1743; x_wconf 83' lang='lat' dir='ltr'>dilectionis</span> <span class='ocrx_word' id='word_1_118' title='bbox 1173 1681 1461 1762; x_wconf 87' lang='lat' dir='ltr'>proximi,</span> <span class='ocrx_word' id='word_1_119' title='bbox 1528 1685 1600 1745; x_wconf 91' lang='lat' dir='ltr'>ut</span> <span class='ocrx_word' id='word_1_120' title='bbox 1658 1681 1793 1745; x_wconf 91' lang='lat' dir='ltr'>scil.</span> <span class='ocrx_word' id='word_1_121' title='bbox 1838 1680 2186 1763; x_wconf 87' lang='lat' dir='ltr'>proximum</span> <span class='ocrx_word' id='word_1_122' title='bbox 2252 1678 2588 1761; x_wconf 85' lang='lat' dir='ltr'>diligamus</span> <span class='ocrx_word' id='word_1_123' title='bbox 2634 1693 2719 1741; x_wconf 93' lang='lat' dir='ltr'>eo</span> 
     </span>
     <span class='ocr_line' id='line_1_15' title="bbox 287 1778 2723 1865; baseline 0.001 -24"><span class='ocrx_word' id='word_1_124' title='bbox 287 1778 559 1854; x_wconf 91' lang='lat' dir='ltr'>modo,</span> <span class='ocrx_word' id='word_1_125' title='bbox 607 1794 727 1860; x_wconf 89' lang='lat' dir='ltr'>quo</span> <span class='ocrx_word' id='word_1_126' title='bbox 771 1795 882 1843; x_wconf 89' lang='lat' dir='ltr'>nos</span> <span class='ocrx_word' id='word_1_127' title='bbox 944 1780 1112 1862; x_wconf 82' lang='lat' dir='ltr'>ipsos</span> <span class='ocrx_word' id='word_1_128' title='bbox 1171 1781 1508 1865; x_wconf 86' lang='lat' dir='ltr'>diligimus,</span> <span class='ocrx_word' id='word_1_129' title='bbox 1572 1782 1690 1846; x_wconf 90' lang='lat' dir='ltr'>hoc</span> <span class='ocrx_word' id='word_1_130' title='bbox 1748 1785 1843 1847; x_wconf 87' lang='lat' dir='ltr'>est</span> <span class='ocrx_word' id='word_1_131' title='bbox 1888 1799 2097 1846; x_wconf 86' lang='lat' dir='ltr'>amore</span> <span class='ocrx_word' id='word_1_132' title='bbox 2142 1780 2607 1857; x_wconf 79' lang='lat' dir='ltr'>amicitiae3</span> <span class='ocrx_word' id='word_1_133' title='bbox 2650 1782 2723 1844; x_wconf 89' lang='lat' dir='ltr'>ut</span> 
     </span>
     <span class='ocr_line' id='line_1_16' title="bbox 289 1879 2723 1965; baseline 0.001 -22"><span class='ocrx_word' id='word_1_134' title='bbox 289 1879 592 1943; x_wconf 90' lang='lat' dir='ltr'>nimirum</span> <span class='ocrx_word' id='word_1_135' title='bbox 635 1880 728 1943; x_wconf 91' lang='lat' dir='ltr'>illi</span> <span class='ocrx_word' id='word_1_136' title='bbox 751 1880 1017 1945; x_wconf 86' lang='lat' dir='ltr'>velimus</span> <span class='ocrx_word' id='word_1_137' title='bbox 1051 1882 1304 1962; x_wconf 91' lang='lat' dir='ltr'>bonum,</span> <span class='ocrx_word' id='word_1_138' title='bbox 1350 1884 1705 1963; x_wconf 89' lang='lat' dir='ltr'>honestum,</span> <span class='ocrx_word' id='word_1_139' title='bbox 1753 1883 1924 1961; x_wconf 86' lang='lat' dir='ltr'>utile,</span> <span class='ocrx_word' id='word_1_140' title='bbox 1973 1882 2343 1948; x_wconf 87' lang='lat' dir='ltr'>delectabile</span> <span class='ocrx_word' id='word_1_141' title='bbox 2389 1885 2723 1965; x_wconf 89' lang='lat' dir='ltr'>propter</span> 
     </span>
     <span class='ocr_line' id='line_1_17' title="bbox 292 1980 2723 2067; baseline 0.002 -23"><span class='ocrx_word' id='word_1_142' title='bbox 292 1980 577 2060; x_wconf 88' lang='lat' dir='ltr'>illum,</span> <span class='ocrx_word' id='word_1_143' title='bbox 625 2000 746 2046; x_wconf 90' lang='lat' dir='ltr'>non</span> <span class='ocrx_word' id='word_1_144' title='bbox 792 1984 1137 2065; x_wconf 89' lang='lat' dir='ltr'>propter</span> <span class='ocrx_word' id='word_1_145' title='bbox 1181 2003 1354 2063; x_wconf 87' lang='lat' dir='ltr'>nos,</span> <span class='ocrx_word' id='word_1_146' title='bbox 1404 1985 1569 2049; x_wconf 91' lang='lat' dir='ltr'>sicut</span> <span class='ocrx_word' id='word_1_147' title='bbox 1611 1985 1901 2049; x_wconf 85' lang='lat' dir='ltr'>volumus</span> <span class='ocrx_word' id='word_1_148' title='bbox 1949 1984 2129 2049; x_wconf 89' lang='lat' dir='ltr'>nobis</span> <span class='ocrx_word' id='word_1_149' title='bbox 2173 1984 2329 2067; x_wconf 88' lang='lat' dir='ltr'>ipsis</span> <span class='ocrx_word' id='word_1_150' title='bbox 2372 1983 2528 2048; x_wconf 86' lang='lat' dir='ltr'>haec</span> <span class='ocrx_word' id='word_1_151' title='bbox 2563 1984 2723 2049; x_wconf 90' lang='lat' dir='ltr'>bona</span> 
     </span>
     <span class='ocr_line' id='line_1_18' title="bbox 289 2084 2719 2170; baseline 0.002 -25"><span class='ocrx_word' id='word_1_152' title='bbox 289 2084 544 2164; x_wconf 88' lang='lat' dir='ltr'>propter</span> <span class='ocrx_word' id='word_1_153' title='bbox 597 2101 708 2148; x_wconf 91' lang='lat' dir='ltr'>nos</span> <span class='ocrx_word' id='word_1_154' title='bbox 765 2084 935 2167; x_wconf 89' lang='lat' dir='ltr'>ipsos</span> <span class='ocrx_word' id='word_1_155' title='bbox 983 2084 1264 2170; x_wconf 86' lang='lat' dir='ltr'>(Estius).</span> <span class='ocrx_word' id='word_1_156' title='bbox 1330 2122 1414 2133; x_wconf 89' lang='lat'>——</span> <span class='ocrx_word' id='word_1_157' title='bbox 1473 2086 1781 2165; x_wconf 83' lang='lat' dir='ltr'>Ceterum,</span> <span class='ocrx_word' id='word_1_158' title='bbox 1845 2086 1898 2150; x_wconf 90' lang='lat' dir='ltr'>si</span> <span class='ocrx_word' id='word_1_159' title='bbox 1954 2087 2273 2168; x_wconf 91' lang='lat' dir='ltr'>apostolus</span> <span class='ocrx_word' id='word_1_160' title='bbox 2320 2086 2719 2150; x_wconf 88' lang='lat' dir='ltr'>dilectionem</span> 
     </span>
     <span class='ocr_line' id='line_1_19' title="bbox 288 2183 2721 2265; baseline 0.002 -18"><span class='ocrx_word' id='word_1_161' title='bbox 288 2183 643 2265; x_wconf 87' lang='lat' dir='ltr'>proximi</span> <span class='ocrx_word' id='word_1_162' title='bbox 706 2186 770 2248; x_wconf 88' lang='lat' dir='ltr'>et</span> <span class='ocrx_word' id='word_1_163' title='bbox 823 2202 945 2250; x_wconf 90' lang='lat' dir='ltr'>non</span> <span class='ocrx_word' id='word_1_164' title='bbox 1006 2187 1398 2252; x_wconf 90' lang='lat' dir='ltr'>dilectionem</span> <span class='ocrx_word' id='word_1_165' title='bbox 1462 2188 1598 2252; x_wconf 86' lang='lat' dir='ltr'>Dei</span> <span class='ocrx_word' id='word_1_166' title='bbox 1664 2188 1825 2251; x_wconf 83' lang='lat' dir='ltr'>dicat</span> <span class='ocrx_word' id='word_1_167' title='bbox 1886 2206 2199 2252; x_wconf 89' lang='lat' dir='ltr'>summam</span> <span class='ocrx_word' id='word_1_168' title='bbox 2261 2190 2323 2251; x_wconf 91' lang='lat' dir='ltr'>et</span> <span class='ocrx_word' id='word_1_169' title='bbox 2384 2186 2721 2252; x_wconf 84' lang='lat' dir='ltr'>essentiam</span> 
     </span>
     <span class='ocr_line' id='line_1_20' title="bbox 291 2284 2723 2372; baseline 0.001 -23"><span class='ocrx_word' id='word_1_170' title='bbox 291 2284 761 2370; x_wconf 84' lang='lat' dir='ltr'>adimpletionis</span> <span class='ocrx_word' id='word_1_171' title='bbox 807 2286 986 2369; x_wconf 90' lang='lat' dir='ltr'>legis,</span> <span class='ocrx_word' id='word_1_172' title='bbox 1035 2288 1096 2352; x_wconf 90' lang='lat' dir='ltr'>id</span> <span class='ocrx_word' id='word_1_173' title='bbox 1143 2290 1284 2354; x_wconf 89' lang='lat' dir='ltr'>inde</span> <span class='ocrx_word' id='word_1_174' title='bbox 1328 2289 1518 2367; x_wconf 88' lang='lat' dir='ltr'>venit,</span> <span class='ocrx_word' id='word_1_175' title='bbox 1567 2290 1712 2372; x_wconf 86' lang='lat' dir='ltr'>quia</span> <span class='ocrx_word' id='word_1_176' title='bbox 1757 2289 1821 2353; x_wconf 91' lang='lat' dir='ltr'>in</span> <span class='ocrx_word' id='word_1_177' title='bbox 1868 2308 2053 2353; x_wconf 89' lang='lat' dir='ltr'>vera</span> <span class='ocrx_word' id='word_1_178' title='bbox 2096 2287 2359 2371; x_wconf 90' lang='lat' dir='ltr'>proximi</span> <span class='ocrx_word' id='word_1_179' title='bbox 2396 2288 2723 2353; x_wconf 88' lang='lat' dir='ltr'>dilectione</span> 
     </span>
     <span class='ocr_line' id='line_1_21' title="bbox 288 2387 2721 2474; baseline 0.001 -24"><span class='ocrx_word' id='word_1_180' title='bbox 288 2387 538 2451; x_wconf 89' lang='lat' dir='ltr'>inclusa</span> <span class='ocrx_word' id='word_1_181' title='bbox 583 2389 679 2451; x_wconf 87' lang='lat' dir='ltr'>est</span> <span class='ocrx_word' id='word_1_182' title='bbox 725 2387 974 2453; x_wconf 88' lang='lat' dir='ltr'>dilectio</span> <span class='ocrx_word' id='word_1_183' title='bbox 1020 2389 1205 2467; x_wconf 89' lang='lat' dir='ltr'>Dei;</span> <span class='ocrx_word' id='word_1_184' title='bbox 1254 2391 1316 2454; x_wconf 89' lang='lat' dir='ltr'>et</span> <span class='ocrx_word' id='word_1_185' title='bbox 1361 2391 1505 2473; x_wconf 91' lang='lat' dir='ltr'>quia</span> <span class='ocrx_word' id='word_1_186' title='bbox 1550 2390 1916 2455; x_wconf 89' lang='lat' dir='ltr'>consilio</span> <span class='ocrx_word' id='word_1_187' title='bbox 1976 2390 2171 2474; x_wconf 87' lang='lat' dir='ltr'>ipsius</span> <span class='ocrx_word' id='word_1_188' title='bbox 2216 2389 2526 2455; x_wconf 90' lang='lat' dir='ltr'>conforme</span> <span class='ocrx_word' id='word_1_189' title='bbox 2572 2392 2721 2467; x_wconf 86' lang='lat' dir='ltr'>erat,</span> 
     </span>
     <span class='ocr_line' id='line_1_22' title="bbox 291 2489 2721 2576; baseline 0.001 -24"><span class='ocrx_word' id='word_1_190' title='bbox 291 2492 374 2553; x_wconf 89' lang='lat' dir='ltr'>ut</span> <span class='ocrx_word' id='word_1_191' title='bbox 421 2489 788 2572; x_wconf 84' lang='lat' dir='ltr'>praeprimis</span> <span class='ocrx_word' id='word_1_192' title='bbox 835 2490 1186 2571; x_wconf 91' lang='lat' dir='ltr'>loqueretur</span> <span class='ocrx_word' id='word_1_193' title='bbox 1221 2492 1294 2555; x_wconf 90' lang='lat' dir='ltr'>de</span> <span class='ocrx_word' id='word_1_194' title='bbox 1337 2492 1665 2557; x_wconf 90' lang='lat' dir='ltr'>dilectione</span> <span class='ocrx_word' id='word_1_195' title='bbox 1710 2492 1971 2576; x_wconf 88' lang='lat' dir='ltr'>proximi</span> <span class='ocrx_word' id='word_1_196' title='bbox 2019 2492 2122 2575; x_wconf 90' lang='lat' dir='ltr'>(cf.</span> <span class='ocrx_word' id='word_1_197' title='bbox 2170 2491 2399 2557; x_wconf 86' lang='lat' dir='ltr'>Matth.</span> <span class='ocrx_word' id='word_1_198' title='bbox 2425 2492 2527 2569; x_wconf 82' lang='lat'>22,</span> <span class='ocrx_word' id='word_1_199' title='bbox 2574 2489 2721 2575; x_wconf 85' lang='lat'>39.).</span> 
     </span>
    </p>

    <p class='ocr_par' dir='ltr' id='par_1_3' title="bbox 291 2589 2728 3688">
     <span class='ocr_line' id='line_1_23' title="bbox 496 2589 2720 2681; baseline 0.001 -28"><span class='ocrx_word' id='word_1_200' title='bbox 496 2590 569 2654; x_wconf 90' lang='lat' dir='ltr'>V.</span> <span class='ocrx_word' id='word_1_201' title='bbox 626 2591 722 2654; x_wconf 87' lang='lat'>10.</span> <span class='ocrx_word' id='word_1_202' title='bbox 770 2589 1079 2668; x_wconf 76' lang='lat' dir='ltr'>„Dilectio</span> <span class='ocrx_word' id='word_1_203' title='bbox 1110 2594 1394 2678; x_wconf 76' lang='lat' dir='ltr'>proximi</span> <span class='ocrx_word' id='word_1_204' title='bbox 1433 2592 1668 2657; x_wconf 81' lang='lat' dir='ltr'>malum</span> <span class='ocrx_word' id='word_1_205' title='bbox 1709 2616 1831 2658; x_wconf 78' lang='lat' dir='ltr'>non</span> <span class='ocrx_word' id='word_1_206' title='bbox 1888 2603 2179 2681; x_wconf 75' lang='lat' dir='ltr'>operatur</span> <span class='ocrx_word' id='word_1_207' title='bbox 2195 2599 2258 2675; x_wconf 86' lang='lat'>,·“</span> <span class='ocrx_word' id='word_1_208' title='bbox 2303 2593 2438 2657; x_wconf 86' lang='lat' dir='ltr'>vult</span> <span class='ocrx_word' id='word_1_209' title='bbox 2484 2592 2720 2657; x_wconf 82' lang='lat' dir='ltr'>dicere:</span> 
     </span>
     <span class='ocr_line' id='line_1_24' title="bbox 291 2690 2723 2778; baseline 0.001 -24"><span class='ocrx_word' id='word_1_210' title='bbox 291 2690 416 2771; x_wconf 79' lang='lat' dir='ltr'>Qui</span> <span class='ocrx_word' id='word_1_211' title='bbox 461 2692 808 2774; x_wconf 88' lang='lat' dir='ltr'>proximum</span> <span class='ocrx_word' id='word_1_212' title='bbox 855 2692 1080 2777; x_wconf 86' lang='lat' dir='ltr'>diligit,</span> <span class='ocrx_word' id='word_1_213' title='bbox 1126 2695 1179 2759; x_wconf 90' lang='lat' dir='ltr'>is</span> <span class='ocrx_word' id='word_1_214' title='bbox 1226 2695 1380 2759; x_wconf 89' lang='lat' dir='ltr'>nihil</span> <span class='ocrx_word' id='word_1_215' title='bbox 1426 2697 1578 2760; x_wconf 91' lang='lat' dir='ltr'>mali</span> <span class='ocrx_word' id='word_1_216' title='bbox 1641 2696 1735 2760; x_wconf 92' lang='lat' dir='ltr'>illi</span> <span class='ocrx_word' id='word_1_217' title='bbox 1793 2696 1996 2760; x_wconf 85' lang='lat' dir='ltr'>infert.</span> <span class='ocrx_word' id='word_1_218' title='bbox 2085 2696 2125 2777; x_wconf 86' lang='grc' dir='ltr'><em>ἠ</em></span> <span class='ocrx_word' id='word_1_219' title='bbox 2168 2694 2373 2777; x_wconf 73' lang='grc' dir='ltr'><em>ἀγάπη</em></span> <span class='ocrx_word' id='word_1_220' title='bbox 2420 2693 2723 2778; x_wconf 87' lang='lat' dir='ltr'>(dilectio)</span> 
     </span>
     <span class='ocr_line' id='line_1_25' title="bbox 293 2792 2724 2880; baseline 0.001 -25"><span class='ocrx_word' id='word_1_221' title='bbox 293 2793 358 2856; x_wconf 90' lang='lat' dir='ltr'>h.</span> <span class='ocrx_word' id='word_1_222' title='bbox 385 2792 422 2856; x_wconf 92' lang='grc'>1.</span> <span class='ocrx_word' id='word_1_223' title='bbox 452 2810 564 2875; x_wconf 90' lang='lat' dir='ltr'>per</span> <span class='ocrx_word' id='word_1_224' title='bbox 604 2797 1108 2878; x_wconf 80' lang='lat' dir='ltr'>prosopopoeiam</span> <span class='ocrx_word' id='word_1_225' title='bbox 1150 2796 1376 2861; x_wconf 87' lang='lat' dir='ltr'>dicitur</span> <span class='ocrx_word' id='word_1_226' title='bbox 1407 2816 1514 2880; x_wconf 92' lang='lat' dir='ltr'>pro</span> <span class='ocrx_word' id='word_1_227' title='bbox 1561 2797 1699 2880; x_wconf 86' lang='lat' dir='ltr'>ipso</span> <span class='ocrx_word' id='word_1_228' title='bbox 1746 2798 2177 2880; x_wconf 87' lang='lat' dir='ltr'>diligente.</span> <span class='ocrx_word' id='word_1_229' title='bbox 2226 2832 2311 2843; x_wconf 89' lang='lat'><em>-</em></span> <span class='ocrx_word' id='word_1_230' title='bbox 2352 2793 2724 2874; x_wconf 79' lang='lat' dir='ltr'>„Plenitudo</span> 
     </span>
     <span class='ocr_line' id='line_1_26' title="bbox 292 2892 2728 2982; baseline 0.001 -25"><span class='ocrx_word' id='word_1_231' title='bbox 292 2915 436 2979; x_wconf 69' lang='lat' dir='ltr'>erqo</span> <span class='ocrx_word' id='word_1_232' title='bbox 485 2892 633 2981; x_wconf 70' lang='lat' dir='ltr'>Zeyis</span> <span class='ocrx_word' id='word_1_233' title='bbox 679 2903 763 2959; x_wconf 76' lang='lat' dir='ltr'>est</span> <span class='ocrx_word' id='word_1_234' title='bbox 804 2894 1130 2978; x_wconf 76' lang='lat' dir='ltr'>dilectio,·“</span> <span class='ocrx_word' id='word_1_235' title='bbox 1173 2898 1352 2980; x_wconf 81' lang='lat' dir='ltr'>quasi</span> <span class='ocrx_word' id='word_1_236' title='bbox 1394 2898 1663 2962; x_wconf 86' lang='lat' dir='ltr'>diceret:</span> <span class='ocrx_word' id='word_1_237' title='bbox 1708 2899 1868 2981; x_wconf 87' lang='lat' dir='ltr'>Ergo</span> <span class='ocrx_word' id='word_1_238' title='bbox 1914 2898 2070 2982; x_wconf 89' lang='lat' dir='ltr'>legis</span> <span class='ocrx_word' id='word_1_239' title='bbox 2116 2895 2481 2979; x_wconf 84' lang='lat' dir='ltr'>adimpletio</span> <span class='ocrx_word' id='word_1_240' title='bbox 2523 2895 2728 2978; x_wconf 89' lang='lat' dir='ltr'>posita</span> 
     </span>
     <span class='ocr_line' id='line_1_27' title="bbox 295 2996 2727 3082; baseline 0 -21"><span class='ocrx_word' id='word_1_241' title='bbox 295 3000 396 3061; x_wconf 88' lang='lat' dir='ltr'>est</span> <span class='ocrx_word' id='word_1_242' title='bbox 456 2996 521 3060; x_wconf 91' lang='lat' dir='ltr'>in</span> <span class='ocrx_word' id='word_1_243' title='bbox 579 2996 907 3061; x_wconf 87' lang='lat' dir='ltr'>dilectione</span> <span class='ocrx_word' id='word_1_244' title='bbox 965 2999 1240 3081; x_wconf 86' lang='lat' dir='ltr'>proximi.</span> <span class='ocrx_word' id='word_1_245' title='bbox 1331 2999 1588 3082; x_wconf 82' lang='lat' dir='ltr'>Integra</span> <span class='ocrx_word' id='word_1_246' title='bbox 1644 2999 1911 3081; x_wconf 88' lang='lat' dir='ltr'>apostoli</span> <span class='ocrx_word' id='word_1_247' title='bbox 1955 2997 2585 3081; x_wconf 84' lang='lat' dir='ltr'>argumentatio</span> <span class='ocrx_word' id='word_1_248' title='bbox 2631 3015 2727 3061; x_wconf 87' lang='lat' dir='ltr'>se-</span> 
     </span>
     <span class='ocr_line' id='line_1_28' title="bbox 293 3097 2726 3183; baseline -0 -21"><span class='ocrx_word' id='word_1_249' title='bbox 293 3116 488 3181; x_wconf 88' lang='lat' dir='ltr'>quens</span> <span class='ocrx_word' id='word_1_250' title='bbox 553 3102 682 3163; x_wconf 88' lang='lat' dir='ltr'>est:</span> <span class='ocrx_word' id='word_1_251' title='bbox 752 3098 872 3178; x_wconf 86' lang='lat' dir='ltr'>Qui</span> <span class='ocrx_word' id='word_1_252' title='bbox 937 3101 1288 3183; x_wconf 88' lang='lat' dir='ltr'>proximum</span> <span class='ocrx_word' id='word_1_253' title='bbox 1356 3100 1694 3183; x_wconf 89' lang='lat' dir='ltr'>diligit,</span> <span class='ocrx_word' id='word_1_254' title='bbox 1760 3100 1812 3164; x_wconf 91' lang='lat' dir='ltr'>is</span> <span class='ocrx_word' id='word_1_255' title='bbox 1878 3100 2034 3163; x_wconf 89' lang='lat' dir='ltr'>nihil</span> <span class='ocrx_word' id='word_1_256' title='bbox 2101 3099 2301 3164; x_wconf 87' lang='lat' dir='ltr'>mali</span> <span class='ocrx_word' id='word_1_257' title='bbox 2365 3097 2459 3162; x_wconf 90' lang='lat' dir='ltr'>illi</span> <span class='ocrx_word' id='word_1_258' title='bbox 2505 3097 2726 3175; x_wconf 81' lang='lat' dir='ltr'>infert3</span> 
     </span>
     <span class='ocr_line' id='line_1_29' title="bbox 293 3198 2725 3285; baseline -0 -22"><span class='ocrx_word' id='word_1_259' title='bbox 293 3198 471 3282; x_wconf 86' lang='lat' dir='ltr'>atqui</span> <span class='ocrx_word' id='word_1_260' title='bbox 533 3200 745 3265; x_wconf 88' lang='lat' dir='ltr'>nihil</span> <span class='ocrx_word' id='word_1_261' title='bbox 807 3201 1001 3265; x_wconf 91' lang='lat' dir='ltr'>mali</span> <span class='ocrx_word' id='word_1_262' title='bbox 1060 3200 1371 3266; x_wconf 87' lang='lat' dir='ltr'>inferre</span> <span class='ocrx_word' id='word_1_263' title='bbox 1430 3202 1831 3285; x_wconf 91' lang='lat' dir='ltr'>proxim0,</span> <span class='ocrx_word' id='word_1_264' title='bbox 1878 3206 1973 3265; x_wconf 88' lang='lat' dir='ltr'>est</span> <span class='ocrx_word' id='word_1_265' title='bbox 2015 3201 2133 3266; x_wconf 91' lang='lat' dir='ltr'>hoc</span> <span class='ocrx_word' id='word_1_266' title='bbox 2180 3202 2389 3283; x_wconf 86' lang='lat' dir='ltr'>ipsum</span> <span class='ocrx_word' id='word_1_267' title='bbox 2438 3201 2725 3278; x_wconf 88' lang='lat' dir='ltr'>totum,</span> 
     </span>
     <span class='ocr_line' id='line_1_30' title="bbox 295 3300 2727 3387; baseline 0 -22"><span class='ocrx_word' id='word_1_268' title='bbox 295 3302 460 3385; x_wconf 90' lang='lat' dir='ltr'>quod</span> <span class='ocrx_word' id='word_1_269' title='bbox 517 3302 641 3365; x_wconf 87' lang='lat' dir='ltr'>lex</span> <span class='ocrx_word' id='word_1_270' title='bbox 705 3302 992 3368; x_wconf 88' lang='lat' dir='ltr'>universa</span> <span class='ocrx_word' id='word_1_271' title='bbox 1049 3304 1493 3387; x_wconf 81' lang='lat' dir='ltr'>praecipit3</span> <span class='ocrx_word' id='word_1_272' title='bbox 1555 3321 1700 3386; x_wconf 87' lang='lat' dir='ltr'>ergo</span> <span class='ocrx_word' id='word_1_273' title='bbox 1763 3302 1919 3386; x_wconf 86' lang='lat' dir='ltr'>legis</span> <span class='ocrx_word' id='word_1_274' title='bbox 1981 3301 2475 3386; x_wconf 86' lang='lat' dir='ltr'>adimpletio</span> <span class='ocrx_word' id='word_1_275' title='bbox 2522 3300 2727 3385; x_wconf 89' lang='lat' dir='ltr'>posita</span> 
     </span>
     <span class='ocr_line' id='line_1_31' title="bbox 294 3401 2723 3487; baseline -0 -20"><span class='ocrx_word' id='word_1_276' title='bbox 294 3405 397 3467; x_wconf 89' lang='lat' dir='ltr'>est</span> <span class='ocrx_word' id='word_1_277' title='bbox 465 3402 528 3467; x_wconf 89' lang='lat' dir='ltr'>in</span> <span class='ocrx_word' id='word_1_278' title='bbox 595 3401 1068 3469; x_wconf 88' lang='lat' dir='ltr'>dilectione</span> <span class='ocrx_word' id='word_1_279' title='bbox 1133 3405 1414 3487; x_wconf 92' lang='lat' dir='ltr'>proximi,</span> <span class='ocrx_word' id='word_1_280' title='bbox 1477 3408 1539 3469; x_wconf 90' lang='lat' dir='ltr'>et</span> <span class='ocrx_word' id='word_1_281' title='bbox 1601 3405 1708 3487; x_wconf 88' lang='lat' dir='ltr'>qni</span> <span class='ocrx_word' id='word_1_282' title='bbox 1772 3404 2117 3486; x_wconf 90' lang='lat' dir='ltr'>proximum</span> <span class='ocrx_word' id='word_1_283' title='bbox 2185 3403 2405 3487; x_wconf 87' lang='lat' dir='ltr'>diligit,</span> <span class='ocrx_word' id='word_1_284' title='bbox 2472 3403 2527 3467; x_wconf 89' lang='lat' dir='ltr'>is</span> <span class='ocrx_word' id='word_1_285' title='bbox 2589 3404 2723 3485; x_wconf 91' lang='lat' dir='ltr'>jam</span> 
     </span>
     <span class='ocr_line' id='line_1_32' title="bbox 291 3504 2726 3591; baseline -0 -22"><span class='ocrx_word' id='word_1_286' title='bbox 291 3506 503 3587; x_wconf 89' lang='lat' dir='ltr'>legem</span> <span class='ocrx_word' id='word_1_287' title='bbox 572 3504 857 3588; x_wconf 85' lang='lat' dir='ltr'>implevit</span> <span class='ocrx_word' id='word_1_288' title='bbox 925 3505 1228 3591; x_wconf 90' lang='lat' dir='ltr'>(Beelen).</span> <span class='ocrx_word' id='word_1_289' title='bbox 1317 3504 1608 3589; x_wconf 79' lang='grc' dir='ltr'><em>πλήρωμα</em></span> <span class='ocrx_word' id='word_1_290' title='bbox 1666 3507 1726 3571; x_wconf 90' lang='lat' dir='ltr'>h.</span> <span class='ocrx_word' id='word_1_291' title='bbox 1796 3507 1836 3570; x_wconf 87' lang='lat' dir='ltr'>l.</span> <span class='ocrx_word' id='word_1_292' title='bbox 1911 3506 2110 3571; x_wconf 88' lang='lat' dir='ltr'>activo</span> <span class='ocrx_word' id='word_1_293' title='bbox 2174 3524 2359 3570; x_wconf 86' lang='lat' dir='ltr'>sensu</span> <span class='ocrx_word' id='word_1_294' title='bbox 2428 3505 2726 3570; x_wconf 88' lang='lat' dir='ltr'>sumitur:</span> 
     </span>
     <span class='ocr_line' id='line_1_33' title="bbox 291 3606 598 3688; baseline 0.003 -19"><span class='ocrx_word' id='word_1_295' title='bbox 291 3606 598 3688; x_wconf 90' lang='lat' dir='ltr'>impletio.</span> 
     </span>
    </p>

    <p class='ocr_par' dir='ltr' id='par_1_4' title="bbox 287 3706 2730 4402">
     <span class='ocr_line' id='line_1_34' title="bbox 504 3706 2730 3799; baseline -0 -27"><span class='ocrx_word' id='word_1_296' title='bbox 504 3706 579 3772; x_wconf 91' lang='lat' dir='ltr'>V.</span> <span class='ocrx_word' id='word_1_297' title='bbox 630 3708 725 3773; x_wconf 89' lang='lat'>11.</span> <span class='ocrx_word' id='word_1_298' title='bbox 793 3708 876 3771; x_wconf 75' lang='lat' dir='ltr'>Et</span> <span class='ocrx_word' id='word_1_299' title='bbox 933 3710 1060 3790; x_wconf 76' lang='lat' dir='ltr'>hoc,</span> <span class='ocrx_word' id='word_1_300' title='bbox 1118 3730 1300 3795; x_wconf 78' lang='lat' dir='ltr'>quum</span> <span class='ocrx_word' id='word_1_301' title='bbox 1361 3711 1572 3773; x_wconf 78' lang='lat' dir='ltr'>sciatis</span> <span class='ocrx_word' id='word_1_302' title='bbox 1633 3718 1881 3795; x_wconf 75' lang='lat' dir='ltr'>tempus,</span> <span class='ocrx_word' id='word_1_303' title='bbox 1937 3708 2099 3794; x_wconf 78' lang='lat' dir='ltr'>quod</span> <span class='ocrx_word' id='word_1_304' title='bbox 2142 3710 2295 3773; x_wconf 78' lang='lat' dir='ltr'>hora</span> <span class='ocrx_word' id='word_1_305' title='bbox 2337 3709 2439 3788; x_wconf 80' lang='lat' dir='ltr'>sit,</span> <span class='ocrx_word' id='word_1_306' title='bbox 2465 3711 2611 3799; x_wconf 85' lang='lat' dir='ltr'>jam</span> <span class='ocrx_word' id='word_1_307' title='bbox 2636 3707 2730 3771; x_wconf 74' lang='lat' dir='ltr'>‘ex</span> 
     </span>
     <span class='ocr_line' id='line_1_35' title="bbox 290 3809 2727 3896; baseline 0.001 -25"><span class='ocrx_word' id='word_1_308' title='bbox 290 3829 502 3871; x_wconf 76' lang='lat' dir='ltr'>somno</span> <span class='ocrx_word' id='word_1_309' title='bbox 546 3810 1063 3894; x_wconf 63' lang='lat' dir='ltr'>expergiscendif‘</span> <span class='ocrx_word' id='word_1_310' title='bbox 1149 3811 1300 3875; x_wconf 88' lang='lat' dir='ltr'>Vult</span> <span class='ocrx_word' id='word_1_311' title='bbox 1347 3811 1584 3876; x_wconf 83' lang='lat' dir='ltr'>dicere:</span> <span class='ocrx_word' id='word_1_312' title='bbox 1630 3811 1711 3875; x_wconf 79' lang='lat' dir='ltr'>Et</span> <span class='ocrx_word' id='word_1_313' title='bbox 1753 3811 1893 3889; x_wconf 86' lang='lat' dir='ltr'>hoc,</span> <span class='ocrx_word' id='word_1_314' title='bbox 1944 3811 2103 3893; x_wconf 89' lang='lat' dir='ltr'>quod</span> <span class='ocrx_word' id='word_1_315' title='bbox 2148 3810 2319 3894; x_wconf 79' lang='lat' dir='ltr'>prius</span> <span class='ocrx_word' id='word_1_316' title='bbox 2365 3811 2446 3896; x_wconf 89' lang='lat' dir='ltr'>(v.</span> <span class='ocrx_word' id='word_1_317' title='bbox 2474 3809 2727 3894; x_wconf 67' lang='lat'>8-10.)</span> 
     </span>
     <span class='ocr_line' id='line_1_36' title="bbox 290 3910 2726 3995; baseline -0 -20"><span class='ocrx_word' id='word_1_318' title='bbox 290 3910 422 3975; x_wconf 90' lang='lat' dir='ltr'>dixi</span> <span class='ocrx_word' id='word_1_319' title='bbox 488 3910 562 3974; x_wconf 89' lang='lat' dir='ltr'>de</span> <span class='ocrx_word' id='word_1_320' title='bbox 649 3914 867 3975; x_wconf 85' lang='lat' dir='ltr'>mutua</span> <span class='ocrx_word' id='word_1_321' title='bbox 931 3912 1292 3990; x_wconf 88' lang='lat' dir='ltr'>dilectione,</span> <span class='ocrx_word' id='word_1_322' title='bbox 1370 3913 1544 3976; x_wconf 88' lang='lat' dir='ltr'>tanto</span> <span class='ocrx_word' id='word_1_323' title='bbox 1611 3912 1819 3995; x_wconf 88' lang='lat' dir='ltr'>magis</span> <span class='ocrx_word' id='word_1_324' title='bbox 1884 3911 2083 3975; x_wconf 78' lang='lat' dir='ltr'>facere</span> <span class='ocrx_word' id='word_1_325' title='bbox 2152 3912 2471 3990; x_wconf 81' lang='lat' dir='ltr'>debemuS,</span> <span class='ocrx_word' id='word_1_326' title='bbox 2536 3929 2726 3992; x_wconf 91' lang='lat' dir='ltr'>quum</span> 
     </span>
     <span class='ocr_line' id='line_1_37' title="bbox 297 4012 2727 4096; baseline -0.001 -19"><span class='ocrx_word' id='word_1_327' title='bbox 297 4012 573 4077; x_wconf 87' lang='lat' dir='ltr'>sciamus</span> <span class='ocrx_word' id='word_1_328' title='bbox 633 4013 929 4095; x_wconf 90' lang='lat' dir='ltr'>temporis</span> <span class='ocrx_word' id='word_1_329' title='bbox 991 4013 1342 4096; x_wconf 85' lang='lat' dir='ltr'>qualitates,</span> <span class='ocrx_word' id='word_1_330' title='bbox 1407 4012 1603 4096; x_wconf 90' lang='lat' dir='ltr'>signa,</span> <span class='ocrx_word' id='word_1_331' title='bbox 1666 4013 1942 4094; x_wconf 88' lang='lat' dir='ltr'>proxime</span> <span class='ocrx_word' id='word_1_332' title='bbox 2000 4013 2339 4077; x_wconf 85' lang='lat' dir='ltr'>instantem</span> <span class='ocrx_word' id='word_1_333' title='bbox 2388 4012 2727 4077; x_wconf 88' lang='lat' dir='ltr'>adventum</span> 
     </span>
     <span class='ocr_line' id='line_1_38' title="bbox 291 4112 2729 4197; baseline -0.001 -18"><span class='ocrx_word' id='word_1_334' title='bbox 291 4112 527 4179; x_wconf 85' lang='lat' dir='ltr'>Christi</span> <span class='ocrx_word' id='word_1_335' title='bbox 572 4115 650 4179; x_wconf 89' lang='lat' dir='ltr'>ad</span> <span class='ocrx_word' id='word_1_336' title='bbox 686 4113 995 4197; x_wconf 87' lang='lat' dir='ltr'>judicium</span> <span class='ocrx_word' id='word_1_337' title='bbox 1041 4115 1397 4193; x_wconf 89' lang='lat' dir='ltr'>indicantia,</span> <span class='ocrx_word' id='word_1_338' title='bbox 1461 4113 1626 4196; x_wconf 90' lang='lat' dir='ltr'>quod</span> <span class='ocrx_word' id='word_1_339' title='bbox 1682 4132 1847 4178; x_wconf 89' lang='lat' dir='ltr'>nunc</span> <span class='ocrx_word' id='word_1_340' title='bbox 1908 4115 1991 4179; x_wconf 90' lang='lat' dir='ltr'>sit</span> <span class='ocrx_word' id='word_1_341' title='bbox 2051 4117 2323 4196; x_wconf 78' lang='lat' dir='ltr'>tempuS,</span> <span class='ocrx_word' id='word_1_342' title='bbox 2388 4132 2458 4178; x_wconf 88' lang='lat' dir='ltr'>ex</span> <span class='ocrx_word' id='word_1_343' title='bbox 2514 4130 2729 4178; x_wconf 88' lang='lat' dir='ltr'>somno</span> 
     </span>
     <span class='ocr_line' id='line_1_39' title="bbox 288 4214 2729 4300; baseline -0.001 -20"><span class='ocrx_word' id='word_1_344' title='bbox 288 4215 534 4300; x_wconf 88' lang='lat' dir='ltr'>peccati</span> <span class='ocrx_word' id='word_1_345' title='bbox 616 4218 678 4279; x_wconf 90' lang='lat' dir='ltr'>et</span> <span class='ocrx_word' id='word_1_346' title='bbox 759 4215 1022 4299; x_wconf 87' lang='lat' dir='ltr'>torporis</span> <span class='ocrx_word' id='word_1_347' title='bbox 1104 4215 1578 4298; x_wconf 88' lang='lat' dir='ltr'>expergiscendi.</span> <span class='ocrx_word' id='word_1_348' title='bbox 1654 4252 1734 4262; x_wconf 92' lang='lat'><em>-</em></span> <span class='ocrx_word' id='word_1_349' title='bbox 1804 4215 2004 4281; x_wconf 88' lang='lat' dir='ltr'>Versu</span> <span class='ocrx_word' id='word_1_350' title='bbox 2069 4217 2185 4281; x_wconf 91' lang='lat' dir='ltr'>hoc</span> <span class='ocrx_word' id='word_1_351' title='bbox 2249 4214 2729 4280; x_wconf 87' lang='lat' dir='ltr'>corroborat</span> 
     </span>
     <span class='ocr_line' id='line_1_40' title="bbox 287 4316 2726 4402; baseline -0.001 -19"><span class='ocrx_word' id='word_1_352' title='bbox 287 4321 729 4400; x_wconf 87' lang='lat' dir='ltr'>antegressum</span> <span class='ocrx_word' id='word_1_353' title='bbox 777 4316 859 4400; x_wconf 82' lang='lat' dir='ltr'>(v,</span> <span class='ocrx_word' id='word_1_354' title='bbox 909 4316 1164 4402; x_wconf 75' lang='lat'>8-10.)</span> <span class='ocrx_word' id='word_1_355' title='bbox 1211 4318 1286 4381; x_wconf 88' lang='lat' dir='ltr'>de</span> <span class='ocrx_word' id='word_1_356' title='bbox 1331 4317 1552 4382; x_wconf 89' lang='lat' dir='ltr'>mutua</span> <span class='ocrx_word' id='word_1_357' title='bbox 1577 4318 1904 4383; x_wconf 90' lang='lat' dir='ltr'>dilectione</span> <span class='ocrx_word' id='word_1_358' title='bbox 1927 4316 2331 4401; x_wconf 79' lang='lat' dir='ltr'>praeceptum</span> <span class='ocrx_word' id='word_1_359' title='bbox 2378 4316 2726 4400; x_wconf 86' lang='lat' dir='ltr'>apostolus,</span> 
     </span>
    </p>
   </div>
   <div class='ocr_carea' id='block_1_3' title="bbox 293 4535 2559 4614">
    <p class='ocr_par' dir='ltr' id='par_1_5' title="bbox 293 4535 2559 4614">
     <span class='ocr_line' id='line_1_41' title="bbox 293 4535 2559 4614; baseline -0.004 -19"><span class='ocrx_word' id='word_1_360' title='bbox 293 4541 305 4547; x_wconf 83' lang='grc'><em>’</em></span> <span class='ocrx_word' id='word_1_361' title='bbox 385 4605 389 4609; x_wconf 34' lang='grc'><strong>,</strong></span> <span class='ocrx_word' id='word_1_362' title='bbox 515 4536 548 4612; x_wconf 87' lang='lat'>¹)</span> <span class='ocrx_word' id='word_1_363' title='bbox 585 4536 668 4596; x_wconf 82' lang='lat' dir='ltr'>Cf.</span> <span class='ocrx_word' id='word_1_364' title='bbox 703 4536 903 4593; x_wconf 87' lang='lat' dir='ltr'>Beelen</span> <span class='ocrx_word' id='word_1_365' title='bbox 942 4537 1180 4596; x_wconf 84' lang='lat' dir='ltr'>Gramm.</span> <span class='ocrx_word' id='word_1_366' title='bbox 1217 4536 1285 4591; x_wconf 86' lang='lat' dir='ltr'>N.</span> <span class='ocrx_word' id='word_1_367' title='bbox 1324 4537 1383 4593; x_wconf 90' lang='lat' dir='ltr'>T.</span> <span class='ocrx_word' id='word_1_368' title='bbox 1421 4553 1542 4611; x_wconf 87' lang='lat' dir='ltr'>pag.</span> <span class='ocrx_word' id='word_1_369' title='bbox 1582 4538 1715 4604; x_wconf 71' lang='lat'>146„</span> <span class='ocrx_word' id='word_1_370' title='bbox 1752 4536 1938 4593; x_wconf 81' lang='lat' dir='ltr'>Winer</span> <span class='ocrx_word' id='word_1_371' title='bbox 1974 4536 2161 4596; x_wconf 83' lang='lat' dir='ltr'>Gram.</span> <span class='ocrx_word' id='word_1_372' title='bbox 2201 4538 2249 4614; x_wconf 60' lang='grc' dir='ltr'>ξ.</span> <span class='ocrx_word' id='word_1_373' title='bbox 2290 4537 2372 4594; x_wconf 78' lang='grc'>22.</span> <span class='ocrx_word' id='word_1_374' title='bbox 2409 4535 2476 4590; x_wconf 85' lang='lat' dir='ltr'>ad</span> <span class='ocrx_word' id='word_1_375' title='bbox 2510 4536 2559 4595; x_wconf 84' lang='lat'>5.</span> 
     </span>
    </p>
   </div>
  </div>
 </body>
</html>
