3234 4992
1233 252 1343 307 cap.
1369 254 1495 297 vm.
1520 264 1568 297 v.
1593 250 1761 295 ne-u.
2222 318 2235 336 ·
2583 252 2699 319 141

273 458 446 501 σεται
493 438 559 503 in
600 437 632 503 f
639 442 882 505 uturo
902 486 918 518 ‚
980 439 1124 522 quia
1167 457 1372 506 sermo
1429 442 1525 505 est
1566 440 1642 503 de
1696 437 1905 504 futura
1945 436 2159 520 gloria.
2249 435 2526 519 Vulgata
2566 435 2701 501 loeo

277 540 485 607 futuri
526 540 720 606 habet
777 541 1152 624 perfeetum:
1210 540 1588 620 donavit,
1648 539 1811 622 quod
1868 538 1966 603 vel
2023 557 2132 621 per
2187 536 2468 603 futurum
2525 554 2708 619 expo-

279 642 564 707 nendum
611 643 729 719 est,
775 642 884 707 aut
925 642 1330 725 intelligenda
1391 641 1637 707 donatio
1691 642 1755 705 in
1812 650 2105 723 p'ropos
2132 639 2253 704 ito
2310 640 2372 704 et
2430 639 2708 704 volun-

279 742 464 807 tate
508 740 790 825 (Estius).
835 778 922 791 -—
962 740 1038 803 τοὶ
1087 739 1296 819 πάντα,
1340 741 1628 821 omnia,
1674 759 1831 824 quae
1876 740 2007 805 scil.
2054 739 2133 804 ad
2177 740 2444 805 salutem
2490 757 2709 805 neces·

281 842 452 907 saria
497 845 668 906 sunt.

496 941 679 1006 Nunc
723 962 778 1009 v.
817 943 920 1008 33.
962 944 1025 1007 et
1071 942 1470 1026 sequentibus
1513 942 1832 1027 apostolus
1878 940 2251 1007 sententiam
2293 958 2350 1006 v.
2378 939 2477 1004 31.
2518 959 2711 1005 enun-

284 1044 558 1124 matam,
636 1042 822 1125 quis
882 1044 1171 1109 contra
1231 1061 1329 1109 no
1350 1062 1416 1122 s,
1480 1044 1815 1110 reassumit
1874 1059 2136 1123 eamque
2194 1040 2299 1105 hic
2357 1040 2711 1106 distinctius

282 1143 552 1228 exponit.
678 1184 690 1191 ι

496 1242 572 1307 V.
620 1243 720 1308 33.
766 1242 973 1322 „Quis
1016 1243 1327 1309 accusabit
1368 1242 1577 1309 electos
1619 1243 1785 1307 Dei?
1827 1242 2020 1321 Dm,
2062 1242 2170 1327 qui
2192 1239 2580 1331 JamJficatW

497 1341 573 1407 V.
621 1342 721 1407 34.
769 1342 972 1422 „Quis
1013 1354 1117 1425 cst,
1177 1346 1285 1431 qui
1324 1344 1711 1409 condemnet?
1806 1342 2101 1421 Christum,
2144 1342 2254 1427 qui
2292 1351 2566 1406 mortuus
2608 1349 2713 1423 est,

281 1444 408 1507 imo
452 1444 660 1523 etim,
703 1444 812 1529 qui
850 1446 1139 1524 surremit,
1181 1446 1290 1531 qui
1329 1446 1512 1509 etiam
1563 1454 1650 1509 est
1692 1444 1780 1508 ad
1822 1443 2138 1508 dea-teram
2180 1441 2324 1522 Dei,
2384 1444 2493 1528 qui
2532 1443 2715 1506 etiam

283 1543 656 1629 deprecatur
684 1566 810 1629 pro
851 1544 1026 1609 nobis
1040 1546 1111 1609 :W
1197 1544 1432 1611 Omnes
1477 1545 1798 1628 pericopae
1843 1543 2073 1609 debent
2115 1542 2288 1625 (cum
2331 1543 2710 1627 Vulgata,

286 1664 334 1708 s,
385 1644 863 1729 Augustino
907 1649 970 1710 et
1015 1646 1462 1729 Ambrosio)
1505 1644 2121 1727 interrogative
2165 1643 2312 1727 legi,
2360 1662 2481 1726 qua
2521 1644 2713 1708 inter-

285 1745 610 1828 pungendi
667 1744 906 1809 ratione
967 1748 1164 1811 oratio
1221 1750 1357 1812 tota
1423 1746 1785 1812 solemniter
1847 1744 2241 1827 triumphans
2308 1746 2582 1827 apparet,
2652 1747 2715 1809 et

284 1864 400 1927 per
462 1845 534 1908 ir
552 1844 819 1909 oniam
883 1846 949 1910 in
1013 1847 1210 1912 altera
1273 1846 1752 1931 interrogatione
1817 1845 1900 1928 (v,
1971 1844 2105 1927 34.)
2169 1844 2358 1909 sitam
2376 1893 2391 1923 ‚
2456 1844 2718 1911 vividior

286 1944 590 2010 redditur.
649 1980 736 1993 -—
795 1948 1043 2027 ἐγκαλεῖν
1114 1946 1268 2012 alias
1335 1947 1717 2013 construitur
1774 1962 1917 2010 cum
1976 1944 2253 2009 dativo
2274 1992 2289 2022 ‚
2347 1943 2409 2008 h.
2469 1945 2509 2009 1.
2571 1963 2716 2010 cum

286 2044 466 2125 κατὰ,
515 2048 578 2109 et
622 2046 875 2111 denotat
935 2065 1348 2125 accusare,
1410 2048 1477 2112 in
1526 2047 1633 2131 Jus
1675 2063 1911 2112 vocare.
1958 2080 2041 2093 --
2087 2046 2341 2105 ἐκλεκτοί
2376 2044 2435 2107 h.
2482 2045 2521 2109 1.
2571 2045 2719 2109 sunt

285 2145 503 2224 iidem,
548 2163 700 2228 quos
748 2166 804 2211 v,
849 2148 952 2213 28.
998 2148 1240 2213 vocavit
1298 2151 1355 2208 οἱ
1410 2146 1560 2209 κατεῖ
1607 2146 1906 2228 πρόθεσιν
1947 2147 2180 2226 admei,-
2239 2163 2385 2229 ergo
2436 2145 2547 2223 ini,
2612 2146 2717 2227 qui

287 2247 477 2311 electi
519 2250 666 2311 sunt
708 2248 787 2313 ad
807 2248 997 2313 fidem
1032 2251 1097 2312 et
1128 2249 1400 2332 gratiam
1445 2246 1912 2327 christianismi,
1946 2266 2056 2312 seu
2086 2246 2167 2311 ad
2200 2244 2714 2329 justificationem

286 2364 403 2431 per
459 2346 650 2412 fidem
711 2348 778 2431 (a
819 2348 1018 2433 Lap.).
1088 2386 1160 2395 —
1220 2346 1470 2411 δικαιόω
1514 2349 1574 2413 h.
1623 2350 1661 2414 l.
1710 2352 1839 2413 est:
1888 2348 2133 2431 justum
2189 2345 2365 2426 facio,
2426 2346 2555 2411 scil.
2617 2365 2713 2410 re-

291 2446 620 2513 mittendis
682 2448 954 2532 peceatis
1013 2450 1076 2513 et
1129 2448 1374 2515 interna
1435 2449 1942 2515 sanctificatione.
2009 2447 2098 2513 of.
2155 2449 2211 2527 1,
2260 2448 2337 2512 17
2344 2495 2359 2511 .
2409 2484 2483 2497 --
2542 2469 2717 2509 κατα-

288 2552 472 2630 κρίνω
516 2552 615 2615 est
655 2549 1042 2633 gradatio
1099 2550 1273 2615 verbi
1332 2552 1612 2633 ἐγιωιλεῖνς
1679 2548 1821 2614 dein
1879 2550 2158 2632 sequitur
2212 2548 2717 2632 quadruplex

289 2649 716 2733 gradatio,
788 2650 855 2713 in
916 2650 1092 2733 quus
1155 2651 1418 2731 singulis
1476 2651 1774 2717 membris
1834 2649 2583 2734 specialis-relatio
2639 2649 2718 2713 ad

291 2748 781 2815 christianorum
819 2749 1088 2815 salutem
1123 2751 1311 2816 simul
1351 2770 1642 2836 expressa
1676 2754 1791 2816 est.
1832 2786 1903 2797 -·
1950 2749 2053 2813 Ad
2090 2746 2423 2812 ἀποθανών
2457 2748 2541 2833 (1.
2576 2766 2717 2831 gra-

291 2848 489 2934 datio)
536 2849 953 2933 supplendum
998 2854 1126 2915 est:
1172 2846 1317 2934 ὖπὲρ
1360 2852 1550 2934 ήμῶν,
1607 2870 1744 2935 pro
1787 2851 2058 2929 nobiS‚
2100 2850 2139 2913 i.
2187 2868 2237 2913 e.
2285 2849 2393 2931 qui
2437 2852 2717 2915 mortuus

292 2950 412 3030 est,
476 2953 546 3015 nt
590 2951 839 3033 culpam
899 2951 1294 3034 peecatorum
1329 2956 1693 3019 ’nostrorum
1755 2953 2004 3030 deleret,
2064 2950 2127 3014 et
2177 2966 2290 3015 nos
2334 2967 2373 3014 a
2413 2949 2719 3014 sententia

291 3051 802 3116 condemnatoria
845 3050 1202 3142 (κατάκριμα
1243 3054 1304 3133 3,
1348 3053 1479 3139 25.)
1523 3053 1831 3119 liberaret.
1876 3088 1963 3099 —-
2002 3053 2099 3112 καὶ
2142 3053 2401 3132 ἐγερθείς
2445 3049 2531 3132 (2.
2576 3067 2718 3132 gra·-

292 3151 515 3236 datio)‚
585 3152 722 3235 qni
785 3154 1181 3232 surrexit3
1249 3154 1365 3219 sub
1425 3173 1547 3237 qua
1605 3171 1756 3219 voce
1800 3172 1848 3217 s.
1896 3152 2129 3217 Paulus
2186 3152 2377 3217 simul
2435 3169 2716 3233 compre-

290 3252 514 3317 hendit
587 3271 674 3317 as
695 3271 729 3317 c
750 3271 840 3317 en
863 3252 1170 3319 sionem
1250 3253 1482 3321 Christi
1552 3255 1617 3320 in
1692 3254 1967 3332 coelum,
2049 3256 2235 3335 atque
2315 3253 2493 3317 illam
2558 3252 2717 3316 exei-

292 3352 586 3436 pientem
645 3353 1003 3418 missionem
1047 3353 1315 3438 Spiritus
1377 3356 1580 3421 saneti
1636 3355 1802 3438 (Act.
1849 3355 1909 3434 2,
1954 3354 2056 3423 23.
2102 3352 2275 3438 seq.).
2326 3388 2401 3401 --
2446 3355 2541 3414 καὶ
2600 3354 2727 3413 ἐστι’

293 3455 356 3514 ἐν
410 3450 578 3531 δεξίᾳ
635 3458 743 3515 τοῦ
802 3458 960 3515 θεοῦ
1015 3455 1099 3538 (3.
1161 3456 1496 3542 gradatio),
1551 3457 1589 3521 i.
1651 3476 1702 3520 e.
1761 3456 1866 3538 qui
1922 3456 2139 3539 regnat
2194 3472 2340 3519 cum
2400 3454 2552 3532 Deo,
2612 3472 2722 3519 seu

295 3552 650 3636 majestatis
696 3558 760 3619 et
801 3555 1128 3638 potestatis
1175 3556 1423 3621 divinae
1466 3560 1563 3621 est
1606 3556 1937 3639 particeps.
2028 3555 2318 3620 Phrasis:
2364 3574 2397 3618 e
2418 3573 2446 3619 s
2462 3574 2493 3619 s
2509 3574 2561 3633 e,
2610 3574 2722 3621 seu

295 3653 586 3719 sedere
623 3654 717 3719 ad
754 3653 1177 3721 dexteram
1214 3655 1391 3735 Dei,
1431 3656 1759 3739 desumpta
1783 3659 1876 3720 est
1912 3674 1982 3720 ex
2020 3655 2263 3738 psalmo
2292 3656 2427 3722 109.
2460 3655 2719 3741 (vulg),

297 3756 409 3838 qui
455 3758 554 3821 est
595 3755 880 3839 psalmus
937 3756 1443 3837 Messianns‚
1504 3761 1566 3822 et
1628 3756 1967 3841 symbolice
2024 3756 2193 3821 idem
2248 3755 2561 3840 significat
2614 3774 2720 3821 ae:

300 3873 562 3939 regnare
605 3873 751 3920 cnm
795 3856 945 3935 Deo,
1004 3876 1145 3923 seu:
1206 3858 1555 3941 majestatis
1614 3859 1679 3922 et
1732 3857 2059 3940 potestatis
2115 3858 2357 3923 divinae
2415 3856 2721 3938 particeps

299 3974 460 4020 esse.
511 3956 896 4039 Deprompta
938 3960 1147 4023 autem
1191 3961 1288 4023 est
1329 3958 1482 4023 haec
1525 3958 1735 4041 imago
1772 3977 1811 4023 a
1841 3959 2091 4042 regibus
2137 3956 2409 4034 orienti8‚
2457 3973 2721 4037 quorum

298 4056 402 4122 vel
445 4055 582 4136 filii,
626 4058 728 4122 vel
771 4058 878 4122 alii
919 4059 1229 4141 potentiae
1272 4058 1547 4142 ipsorum
1590 4060 1948 4142 participe8‚
1996 4078 2033 4124 a
2077 4058 2303 4124 dextris
2343 4059 2407 4120 et
2452 4055 2721 4121 sinistris

300 4156 588 4221 adsidere
621 4157 730 4235 eis,
777 4158 1056 4223 medium
1078 4158 1284 4223 throni
1319 4160 1524 4224 locum
1549 4160 2010 4242 occupantibus,
2056 4159 2353 4224 solebant.
2405 4192 2483 4204 -—
2532 4160 2721 4239 ἐντυγ-

296 4254 467 4338 χάνει
493 4255 640 4339 ὑπὲρ
659 4255 853 4338 η’μαΐν,
878 4260 1015 4342 qui
1052 4260 1527 4343 deprecatur
1561 4278 1705 4343 pro
1744 4261 1979 4326 nobis
2018 4260 2103 4344 (4.
2124 4258 2453 4344 gradatio),
2476 4258 2519 4323 i.
2544 4278 2592 4323 e.
2620 4259 2726 4341 qui

299 4360 376 4421 ut
425 4361 712 4424 aeternus
758 4361 1040 4425 sacerdos
1102 4360 1321 4441 (Hebr.
1369 4361 1426 4438 7,
1472 4360 1602 4447 25.)
1649 4363 2013 4445 deprecatur
2054 4379 2163 4446 pro
2207 4359 2383 4425 nobis
2427 4360 2496 4425 in
2538 4358 2726 4423 coelis

301 4458 470 4544 apud
516 4459 723 4526 Deum
781 4462 1054 4540 Patrem,
1115 4462 1284 4542 dum,
1343 4462 1436 4527 uti
1495 4462 1586 4528 ait
1644 4481 1692 4528 s.
1739 4462 1791 4527 Τ
1816 4461 1996 4529 hom
2016 4480 2129 4543 ae,
2188 4460 2571 4546 assumptam
2609 4476 2725 4545 pro
