3234 4992
885 1389 1404 1510 Praefatio
1479 1394 1608 1509 ad
1688 1392 2221 1511 lectorem!

1396 1741 1697 1752 ——--———--

390 1822 642 2115 {M
655 2043 744 2096 ox
797 2025 953 2116 post
1023 2023 1383 2137 editionem
1453 2021 1915 2098 commentarii
1990 2022 2121 2096 mei
2190 2022 2263 2096 in
2332 2022 2757 2118 evangelium

394 2036 626 2315 Q
655 2178 711 2230 s.
763 2157 1212 2234 Matthaei
1263 2157 1580 2254 permulti
1633 2159 1882 2253 partim
1930 2181 2065 2252 ore,
2120 2157 2365 2254 partim
2400 2158 2618 2232 literis
2655 2179 2759 2232 me

655 2290 987 2384 adierunt,
1042 2296 1118 2367 ut
1171 2293 1376 2368 etiam
1437 2295 1673 2368 breves
1744 2294 2259 2370 commentarios
2328 2295 2401 2367 in
2453 2316 2508 2368 s.
2563 2291 2791 2368 Pauli.

335 2425 663 2520 epistolas
734 2449 1116 2519 exararem,
1189 2428 1340 2520 qui,
1421 2427 1522 2503 uti
1602 2429 2066 2505 commentarii
2142 2429 2213 2503 in
2292 2427 2645 2525 evangelia
2674 2449 2756 2502 s,

333 2559 406 2633 M
429 2559 687 2636 attha
709 2558 787 2634 ei
859 2564 928 2634 et
979 2583 1035 2634 s.
1108 2561 1155 2636 J
1177 2583 1214 2635 o
1243 2560 1505 2636 annis
1565 2562 1801 2637 usibus
1850 2561 2256 2638 inservirent
2308 2561 2757 2638 scholasticis,

334 2695 446 2769 Ex
497 2697 690 2790 parte
742 2693 922 2770 votis
974 2694 1159 2770 hisce
1211 2700 1487 2771 eatenus
1567 2695 1913 2790 satisfeci,
1984 2700 2313 2790 quatenus
2383 2696 2455 2771 in
2532 2698 2760 2792 plures

335 2851 393 2904 s,
429 2828 626 2904 Pauli
665 2827 988 2924 epistolas
1040 2830 1552 2906 commentarios
1606 2827 2043 2906 exaraveram
2096 2819 2341 2925 eosque
2392 2853 2515 2925 ope
2551 2830 2759 2905 litho-

335 2965 664 3060 graphiae
713 2965 1192 3061 imprimendos
1243 2987 1655 3042 curaveram.
1712 2964 1927 3062 Quum
1978 2969 2205 3041 tamen
2252 2966 2551 3040 illorum·
2576 2986 2751 3041 com-

336 3100 824 3175 mentariorum
877 3099 1290 3196 exemplaria
1340 3124 1460 3197 per
1513 3100 1960 3196 multiplicem
2009 3123 2206 3175 usum
2241 3099 2407 3174 trita
2442 3097 2601 3190 sint,
2656 3097 2757 3173 ita

338 3239 416 3309 ut
464 3257 643 3310 nunc
695 3236 1016 3330 temporis
1069 3235 1474 3331 paucissima
1516 3237 1735 3332 adhuc
1779 3237 2053 3310 exstent
2098 3232 2533 3328 exemplaria,
2587 3231 2761 3308 hunc

338 3392 581 3446 novum
635 3371 1185 3447 commentarium
1235 3372 1308 3446 in
1359 3395 1415 3446 s.
1467 3370 1668 3447 Pauli
1740 3368 2101 3464 epistolam
2171 3369 2257 3444 ad
2323 3368 2446 3444 Ro
2468 3389 2765 3443 manos

337 3508 652 3601 typorum
687 3527 812 3601 ope
851 3507 1044 3581 edere
1079 3505 1243 3580 mihi
1279 3506 1619 3602 proposui.
1677 3503 1847 3600 Quia
1882 3504 2086 3580 etiam
2110 3503 2221 3580 hic
2248 3502 2765 3580 commentarius

337 3639 643 3734 proxime
672 3640 1048 3716 destinatus
1079 3640 1285 3717 estin
1319 3664 1516 3716 usum
1565 3640 2105 3737 theologiae
2157 3638 2765 3732 studentium,

343 3775 496 3850 ideo
548 3775 620 3849 in
673 3797 750 3850 eo
803 3774 1260 3852 concinnando
1313 3776 1817 3852 brevitatis
1869 3775 2210 3850 studiosus
2262 3774 2386 3866 fui,
2441 3772 2623 3868 quin,
2671 3773 2770 3847 uti

338 3913 525 4005 put0,
587 3909 739 4004 ipsa
806 3934 850 4005 p
872 3910 1382 4006 erepicuita
1405 3933 1438 3984 s
1509 3910 1894 3986 detrimenti
1962 3910 2120 4004 quid
2188 3913 2570 4004 pateretur;
2644 3909 2771 3983 tali

339 4046 536 4119 modo
588 4045 890 4121 libertati
945 4067 1172 4120 eorum
1194 4102 1212 4138 ‚
1284 4046 1396 4140 qui
1463 4044 1536 4120 in
1585 4045 2153 4140 praelectionibus
2206 4043 2628 4120 scholasticis
2692 4064 2770 4117 eo

341 4183 714 4274 uterentur,
782 4181 1168 4276 relinquens
1190 4239 1208 4276 ,
1283 4204 1396 4274 ea,
1467 4203 1637 4275 quae
1692 4205 1732 4257 a
1782 4203 1889 4256 me
1942 4179 2233 4257 breviter
2286 4178 2465 4254 dicta
2518 4182 2769 4270 essent,

343 4315 558 4392 fusius
609 4317 1088 4410 pertractandi.
1145 4317 1227 4390 In
1279 4317 1621 4392 exarando
1673 4316 2153 4392 commentario
2208 4337 2370 4389 usus
2406 4337 2555 4390 sum
2591 4336 2769 4390 com-

345 4451 694 4527 mentariis
773 4473 920 4527 cum
999 4451 1332 4544 antiquis:
1414 4451 1484 4526 S.
1559 4451 1941 4525 'rhomae
2018 4449 2207 4543 Aq.‚
2283 4447 2773 4524 Francisci

2474 4562 2566 4625 1*
