3234 4992
1228 252 1340 304 Gap.
1363 252 1461 295 xv.
1487 262 1534 295 v.
1559 254 1727 296 16—17.
2556 257 2679 321 237

243 440 385 505 scil.
433 440 943 516 ministrum3
989 440 1099 505 sed
1140 440 1200 505 h.
1247 441 1314 517 l.,
1358 440 1452 505 uti
1496 441 1800 523 appositio
1847 444 2256 521 ἱερουργοῦντα
2300 487 2313 500 .
2359 487 2371 501 .
2418 488 2431 501 .
2477 441 2674 517 docet,

253 541 590 625 speciatim
650 542 966 625 significat
1033 561 1062 605 s
1081 542 1464 606 acerdote
1485 562 1570 606 m.
1630 578 1717 587 —-
1772 589 1810 619 „
1831 540 2007 605 Velut
2068 542 2355 607 sacerdos
2418 542 2681 605 admini-

245 652 462 705 stram
524 642 903 729 evangelium
965 643 1152 705 Dei.“
1237 643 1426 707 Hisce
1491 642 1701 707 verbis
1789 642 2079 725 exprimit
2144 664 2209 707 m
2227 662 2260 706 6
2278 645 2456 708 dum
2474 694 2490 720 ,
2558 660 2678 726 quo

244 745 419 807 esset
463 762 512 807 S.
561 744 878 832 apostolus
945 744 1226 809 sacerdos
1271 741 1506 807 Christi
1570 744 1650 808 ad
1692 746 1930 826 gentes.
2021 746 2326 826 ἱερουργέω
2370 744 2469 827 (ex
2528 748 2685 827 ἱερος

245 846 314 908 et
357 843 716 926 ἐργάζομαι)
763 845 1036 909 sacris
1082 862 1412 927 operor,
1457 844 1956 909 administro
2001 863 2249 909 sacra.

463 945 535 1009 V.
585 946 683 1009 16.
731 990 771 1022 ‚,
790 944 871 1009 Ut
898 945 1028 1029 fiat
1063 943 1288 1008 oblatio
1329 946 1594 1029 yentium
1632 954 1900 1030 accepta,
1942 945 2325 1028 sanctificata
2346 947 2413 1008 in
2438 944 2681 1031 Spiritu

245 1052 529 1126 sancto“,
570 1048 612 1111 i.
654 1066 704 1111 e.
745 1046 816 1110 ut
857 1046 969 1110 fiat
1013 1046 1404 1122 sacrificium,
1463 1046 1627 1129 quod
1670 1050 1817 1109 sunt
1881 1045 2162 1128 gentiles,
2229 1046 2680 1129 praedicatione

247 1168 398 1213 mea
421 1148 783 1231 evangelica
804 1148 884 1212 ad
903 1145 1221 1211 Christum
1247 1147 1544 1224 conversi,
1568 1148 1699 1211 Deo
1722 1149 1969 1229 gratum
1998 1150 2061 1210 et
2082 1151 2427 1229 acceptum,
2455 1147 2682 1230 quippe

253 1268 374 1332 per
419 1248 726 1331 Spiritum
772 1268 820 1313 s.
868 1248 1344 1313 sanctificatum.
1397 1285 1470 1295 --
1518 1248 1805 1330 Apostoli
1848 1248 2135 1331 loquendi
2184 1250 2341 1312 ratio
2387 1252 2485 1312 est
2528 1267 2683 1312 me-

252 1348 649 1431 taphoric
670 1368 740 1427 a,
801 1349 989 1413 ducta
1051 1348 1456 1413 similitudine
1501 1367 1539 1413 a
1582 1348 2004 1413 functionibus
2072 1348 2565 1415 sacerdotalibus
2621 1348 2688 1413 in

257 1450 690 1515 sacrificando.
783 1447 1322 1513 Sacrificium
1385 1451 1530 1513 sunt
1571 1450 1843 1533 gentiles
1887 1449 1965 1513 ad
2011 1448 2329 1514 Christum
2372 1448 2681 1523 conversi;

249 1572 434 1629 nam,
478 1554 783 1633 quatenus
805 1549 993 1614 homo
1017 1549 1206 1614 verbo
1225 1550 1342 1615 Dei
1362 1551 1713 1634 praedicato
1750 1550 1963 1627 credit,
2009 1550 2235 1628 obedit,
2258 1588 2332 1595 --
2360 1551 2531 1613 inte
2552 1568 2685 1613 rue

262 1672 336 1717 se
381 1654 594 1735 ipsum
636 1652 771 1715 Deo
816 1652 1027 1730 tradit,
1074 1669 1184 1715 seu
1227 1670 1291 1715 se
1336 1650 1514 1715 offert
1558 1652 2171 1735 spiritualiter;
2242 1688 2314 1696 -—
2374 1649 2686 1732 praedi-

250 1772 286 1819 6
308 1753 478 1817 atio
522 1752 827 1835 evangelii
870 1755 966 1816 est
1010 1752 1184 1815 actus
1247 1752 1665 1830 sacerdotalis,
1730 1771 1849 1833 quo
1914 1751 2286 1817 sacrificium
2342 1751 2510 1815 istud
2555 1751 2687 1814 Deo

257 1854 538 1930 offertur,
585 1857 890 1936 quatenus
935 1851 1166 1917 Christi
1213 1851 1416 1930 verbe,
1463 1851 1584 1916 fide
1633 1853 1935 1935 suscepto,
1982 1853 2117 1935 ipse
2163 1851 2445 1917 Christus
2490 1851 2689 1916 susci-

258 1955 440 2038 pitur
483 1957 545 2019 et
588 1945 878 2019 fidelibus
923 1953 1207 2032 traditur,
1253 1952 1469 2016 fideles
1515 1957 1727 2017 autem
1790 1973 1899 2037 per
1954 1954 2144 2017 fidem
2186 1954 2318 2018 Deo
2361 1952 2691 2018 traduntur

259 2055 696 2139 (offeruntur);
762 2055 1156 2119 sacerdos
1221 2058 1431 2119 autem
1479 2059 1578 2119 est
1636 2055 1771 2138 ipse
1831 2056 2163 2139 apostolus.
2250 2054 2431 2119 Unde
2492 2056 2684 2136 patet,

259 2154 1000 2239 praedicationem
1057 2156 1365 2239 evangelii
1423 2174 1558 2219 esse
1615 2156 1999 2221 functionem
2062 2155 2687 2231 sacerdotalem,

266 2261 337 2320 et
378 2257 485 2338 qui
529 2256 924 2339 evangelium
969 2256 1303 2339 praedicat,
1357 2256 1482 2320 Deo
1529 2256 1705 2319 offert
1754 2257 2127 2323 sacrificium
2174 2255 2687 2339 metaphoricum,

264 2357 574 2421 tradendo
618 2358 748 2421 scil.
794 2357 1079 2421 homines
1124 2375 1236 2440 per
1277 2356 1461 2419 fidem
1507 2355 1572 2420 in
1612 2356 1929 2421 Christum
1975 2359 2127 2433 Deo,
2170 2358 2465 2421 tradendo
2512 2355 2690 2422 Chri-

261 2461 440 2522 stum
484 2458 770 2523 fidelibus
816 2456 936 2541 (Cf.
995 2457 1158 2522 Phil.
1204 2458 1266 2536 2,
1315 2458 1462 2541 17.).
1518 2494 1591 2503 -—
1643 2458 1923 2536 Grata,
1983 2457 2276 2521 nimirum
2321 2477 2433 2541 per
2473 2458 2688 2535 fidem3

264 2558 863 2634 sanctificata,
909 2558 948 2621 i.
997 2576 1048 2621 e.
1095 2558 1276 2640 grat-a
1316 2557 1568 2636 oblati0,
1615 2559 1841 2644 quippe
1902 2579 2093 2643 quum
2153 2559 2541 2625 sanctificata
2580 2577 2691 2641 per

269 2657 576 2742 Spiritum
637 2678 688 2723 s,
752 2695 819 2705 —
891 2658 1267 2742 „Allusio
1333 2662 1449 2738 est,
1515 2660 1718 2742 inquit
1780 2660 1939 2725 bene
1998 2660 2316 2738 EstiuS,
2377 2659 2455 2723 ad
2499 2660 2688 2724 ritum

267 2760 499 2824 veteris
543 2749 898 2838 sacerdotii,
967 2776 1085 2840 quo
1144 2758 1402 2839 hostiae,
1470 2761 1602 2825 Deo
1668 2761 2027 2835 offerendae,
2095 2760 2685 2825 sanctificationibus

266 2862 646 2943 quibusdam
692 2860 959 2925 externis
1020 2862 1545 2944 praeparabantur
1601 2880 1675 2926 ac
1737 2862 2216 2938 mundabantur,
2274 2865 2344 2925 ut
2403 2861 2688 2942 accepta-

265 2962 393 3027 bile
437 2965 606 3026 esset
649 2962 1032 3026 sacrificium.
1121 2962 1222 3027 Ita
1267 2961 1576 3044 significat
1640 2965 1975 3045 apostolae,
2036 2965 2275 3046 genteS,
2336 2961 2511 3044 prius
2569 2961 2688 3025 im-

267 3063 560 3142 mundae,
621 3082 731 3145 per
787 3062 976 3126 fidem
1034 3065 1326 3146 operante
1373 3061 1608 3145 Spiritu
1666 3082 1714 3127 s.
1767 3063 2095 3128 mundatas
2139 3067 2201 3127 et
2247 3062 2686 3142 sanctificataS,

268 3184 307 3229 a
351 3183 419 3228 se
466 3164 632 3228 velut
677 3164 1012 3242 sacerdote,
1057 3166 1304 3247 gratam
1351 3165 1412 3228 et
1455 3168 1775 3247 acceptam
1820 3165 2022 3229 offerri
2065 3164 2337 3231 hostiam
2378 3164 2569 3229 Deo.“
2610 3202 2687 3210 —-

266 3266 587 3347 προσφορά
633 3270 750 3327 τῶν
795 3268 1010 3341 ἐθνῶν,
1073 3266 1384 3349 genitivus
1450 3264 1805 3347 objecti,
1873 3265 1914 3329 i.
1972 3285 2021 3329 e.
2071 3265 2460 3341 sacrificium,
2528 3266 2690 3348 quod

270 3368 420 3431 sunt
462 3369 700 3450 gentes.
727 3368 1049 3449 —Inepte
1089 3365 1489 3430 Calvinus
1533 3366 1678 3430 hinc
1722 3366 2111 3433 occasionem
2138 3367 2429 3450 sumpsit,
2478 3384 2690 3431 verum

267 3468 333 3532 in
379 3468 646 3532 ecclesia
710 3467 1065 3551 negandi
1124 3467 1514 3544 sacrificium,
1577 3471 1641 3530 et
1704 3468 1959 3532 unicum
2024 3467 2689 3551 praedicationis

270 3568 646 3632 sacrificium
706 3568 1098 3644 stabiliendi;
1164 3586 1309 3632 nam
1380 3570 1517 3630 tum
1583 3568 1775 3633 etiam
1822 3568 2119 3633 affirmari
2162 3569 2431 3646 deberet,
2497 3569 2689 3633 etiam

270 3670 855 3753 metaphorica
899 3670 1199 3735 sacrificia
1255 3669 1557 3753 justitiae,
1628 3670 2082 3735 misericordiae
2145 3675 2206 3735 et
2273 3671 2475 3736 cordis
2545 3688 2692 3735 con-

267 3772 419 3848 triti,
466 3790 622 3854 quae
666 3771 907 3854 passim
962 3771 1270 3854 leguntur,
1333 3771 1635 3835 sacrificia
1679 3771 1751 3835 V.
1801 3772 1869 3836 Τ.
1919 3773 2278 3849 sustulisse3
2337 3773 2500 3857 quod
2543 3791 2685 3837 vero

267 3871 512 3937 factum
556 3890 680 3936 non
725 3874 838 3936 est.

470 3970 549 4037 V.
610 3974 706 4037 17.
775 3972 1033 4051 „Habeo
1083 3974 1271 4059 ἐρέται·
1329 3972 1751 4056 9Ζονίαὑίοπ6ω
1806 3974 1875 4037 in
1940 3972 2175 4040 Christo
2239 3975 2393 4039 Jcsu
2457 3975 2525 4037 in
2585 3975 2688 4052 iis,

266 4096 425 4161 quac
488 4074 576 4137 ad
637 4075 839 4137 Deum
892 4074 1261 4159 pertinens.“
1331 4113 1410 4121 —
1475 4076 1657 4140 Prius
1725 4075 1805 4159 (v.
1860 4076 1987 4159 16.)
2047 4076 2278 4142 dixerat
2343 4078 2683 4160 apostoluS,

269 4195 506 4259 quem
550 4176 627 4239 in
673 4176 925 4240 finem
983 4176 1103 4257 ipsi
1147 4176 1332 4240 fuerit
1395 4194 1763 4241 eoncessum
1824 4196 2049 4242 munus
2107 4181 2529 4261 apostolatu83
2589 4181 2693 4245 hic

270 4296 416 4341 vero
458 4276 729 4358 loquitur
772 4277 847 4341 de
892 4277 1058 4341 felici
1102 4277 1378 4361 ejusdem
1425 4295 1867 4355 successu,
1927 4278 1994 4342 in
2052 4280 2383 4362 gentilium
2440 4299 2693 4345 conver-

271 4379 442 4443 sione
485 4378 837 4461 conspicue.
928 4378 1105 4443 Facit
1157 4383 1369 4444 autem
1425 4380 1544 4443 hoc
1588 4379 1669 4443 ad
1712 4380 1808 4443 sui
1850 4382 2237 4461 apostolatus
2297 4399 2686 4447 commen-

271 4480 734 4557 dationem,
782 4479 852 4544 ut
894 4497 964 4543 eo
1006 4478 1297 4557 insinuet,
1349 4478 1489 4561 jure
1547 4498 1610 4544 se
1668 4479 1947 4562 potuisse
2007 4480 2366 4546 monitorias
2418 4482 2499 4547 ad
2542 4482 2685 4548 illos
