3234 4992
601 217 725 284 160
1642 218 1751 270 Gap.
1778 222 1855 263 lx.
1886 228 1929 259 v.
1956 221 2017 261 19.

600 406 788 485 ἐλεεῖν,
832 404 871 467 i.
918 424 967 470 e.
1019 403 1196 490 cujus
1242 406 1395 484 vult,
1441 406 1576 471 scil.
1622 405 2013 471 immerentis
2060 408 2124 470 et
2167 405 2321 471 citra
2364 406 2672 485 debitum,
2720 405 3015 483 misereri,

601 508 942 574 miseretur.
990 544 1075 557 ·-
1122 506 1184 570 όν
1250 510 1317 571 δὲ
1377 508 1556 588 θέλει,
1628 509 1759 574 soil.
1819 507 2177 591 σκληρύνειν,
2242 504 2570 589 σκληρύνει,
2643 526 2831 590 quem
2895 508 3019 572 vult

602 609 773 693 (quia
815 628 1030 675 omnes
1075 612 1218 676 sunt
1259 610 1497 695 indigni
1540 611 2013 695 misericordia),
2076 612 2204 676 scil.
2250 610 2559 687 indurare,
2617 608 2886 688 indurat,
2934 608 3019 671 ni-

605 710 834 774 mirum
857 729 999 776 non
1021 712 1431 795 impertiendo
1449 712 1935 777 misericordiam
1952 712 2244 797 (gratiam
2268 712 2636 789 uberiorem,
2664 710 3013 792 efficacem).

602 810 826 876 Verbis
886 811 984 877 his
1041 815 1267 879 iterum
1333 814 1514 879 docet
1556 814 1869 897 apostolus
1890 862 1906 892 ‚
1970 812 2177 877 Deum
2239 814 2302 877 in
2366 811 2737 877 conferendo
2787 810 3018 894 gratiae

599 911 1114 999 (misericordiae)
1155 935 1302 981 suae
1346 916 1645 982 beneficio
1691 933 1872 999 agere
1916 932 2024 996 pro
2059 916 2256 979 libera
2298 932 2412 979 sua
2455 913 2916 978 voluntate.
2942 948 3019 957 —

595 1012 899 1096 σκληρύνω
921 1018 1130 1081 notat:
1175 1017 1456 1083 durum
1501 1017 1789 1094 redd0,
1836 1015 2185 1093 obduro;
2232 1014 2655 1098 metaphorice
2701 1012 3019 1077 adhibetur

599 1117 674 1182 de
729 1117 823 1195 113,
885 1118 990 1200 qui
1055 1119 1410 1202 pervicaces
1469 1123 1635 1196 sunt,
1704 1121 1809 1203 qui
1872 1119 2132 1203 imperio
2200 1117 2463 1182 aliorum
2530 1115 2594 1178 et
2654 1113 3015 1190 auctoritati,

602 1217 855 1283 monitis
916 1218 980 1283 et
1021 1220 1364 1303 praeceptis
1420 1220 1843 1305 obtemperare
1886 1222 2205 1296 recusant,
2269 1217 2376 1300 qui
2433 1214 3015 1281 inobedientes

599 1336 666 1383 se
727 1322 986 1403 gerunt,
1047 1320 1272 1385 renit
1295 1340 1328 1385 3
1349 1323 1532 1387 ntes
1593 1324 1775 1401 sunt,
1836 1339 1993 1405 quae
2054 1320 2224 1386 notio
2283 1318 2351 1382 in
2407 1335 2455 1381 3.
2505 1314 2700 1381 literis
2764 1314 3015 1399 exprimi

600 1420 761 1485 solet
826 1438 950 1485 non
1006 1421 1255 1485 tantum
1310 1440 1421 1506 per
1484 1423 1943 1505 passivum,
2012 1421 2122 1487 sed
2189 1419 2380 1485 etiam
2446 1436 2557 1501 per
2622 1416 3013 1496 activum:

591 1517 925 1603 σκληρύνειν
970 1519 1074 1602 τήν
1109 1525 1350 1603 καρδίαν
1381 1522 1594 1606 (Exod.
1624 1524 1681 1601 7,
1706 1525 1766 1588 3.
1791 1524 1974 1588 Deut.
2002 1526 2062 1603 2,
2088 1520 2237 1605 30).
2285 1518 2655 1602 Metaphora
2691 1517 3013 1599 desumpta

597 1625 696 1686 est
755 1625 1118 1711 a·tauro,
1187 1624 1292 1705 qui
1351 1640 1474 1688 non
1554 1625 1689 1689 vult
1764 1624 1989 1709 jugum
2049 1623 2209 1688 collo
2291 1620 2637 1685 admittere.
2730 1618 3011 1683 Phrasis:

591 1720 924 1806 σκληρύνειν
947 1722 1050 1806 τήν
1073 1728 1315 1805 καρδίαν
1358 1726 1424 1789 111
1470 1744 1516 1790 3.
1545 1725 1744 1791 literis
1790 1724 2116 1791 abhibetur
2158 1724 2293 1787 tum
2341 1722 2415 1785 de
2458 1721 2516 1785 D
2538 1740 2571 1785 3
2590 1737 2627 1786 o
2646 1770 2661 1799 ‚
2710 1719 2815 1803 qui
2857 1720 3007 1795 illos,

593 1825 697 1906 qui
741 1826 978 1909 gratiae
1008 1826 1418 1910 (sufficienti),
1464 1826 1554 1891 eis
1587 1827 1854 1906 oblatae,
1886 1824 2199 1908 cooperari
2228 1822 2598 1900 renituntur,
2646 1842 2689 1887 n
2712 1839 2908 1905 egan
2930 1820 3007 1884 do

592 1926 940 1992 uberiorem
968 1927 1256 2012 gratiam,
1303 1928 1367 1993 in
1398 1928 1649 2010 plenam
1686 1926 2157 1992 oddurationem
2204 1928 2267 1989 et
2306 1922 2771 1988 contumaciam
2816 1920 3007 1985 delabi

592 2028 933 2110 permittit3
995 2029 1127 2093 tum
1175 2029 1367 2094 etiam
1412 2028 1744 2094 adhibetur
1798 2028 1873 2093 de
1929 2025 2442 2105 hominibus,
2501 2024 2608 2106 qui
2673 2041 2777 2088 cor
2836 2040 3003 2087 suum

589 2130 826 2213 gratiae
869 2130 1110 2195 divinae
1155 2130 1506 2209 occludunt,
1553 2148 1747 2212 quum
1792 2129 2029 2213 gratiae
2070 2129 2250 2193 datae
2295 2124 2499 2191 nolint
2551 2123 2868 2208 cooperari
2906 2125 3001 2187 aut

592 2248 732 2295 eam
793 2232 1215 2297 contemnant.
1273 2268 1345 2277 --
1410 2231 1578 2295 Dum
1638 2230 1789 2295 alibi
1847 2230 2057 2314 (Exod.
2106 2230 2165 2307 8,
2214 2229 2334 2306 153
2396 2227 2455 2304 9,
2503 2226 2635 2299 35.)
2698 2227 2751 2291 P
2774 2226 2999 2291 harae

593 2347 658 2394 se
701 2331 969 2416 ipsum
1010 2333 1331 2397 indurasse
1377 2332 1618 2409 dicitur,
1663 2331 2198 2397 h.l.Deuseum
2243 2330 2685 2395 indurasse
2728 2330 2791 2391 et
2832 2342 2996 2390 versu

589 2432 979 2497 antecedenti
1037 2452 1178 2497 eum
1237 2433 1312 2497 in
1334 2432 1644 2497 citasse
1701 2432 1779 2496 ad
1838 2433 2072 2497 malum
2136 2432 2377 2497 dicitur.
2442 2466 2525 2478 -
2570 2430 2741 2494 Deus
2784 2426 2995 2491 dieitur

589 2531 1029 2597 indurasse
1063 2533 1470 2611 Pharaonem,
1497 2551 1608 2597 seu
1640 2532 2060 2597 incitasse
2105 2532 2198 2597 ad
2241 2530 2813 2615 pervicaciam,
2857 2543 2987 2609 qua-

589 2634 769 2696 tenus
814 2652 925 2717 per
968 2634 1267 2699 miracula
1307 2633 1606 2718 (plagas),
1640 2651 1796 2716 quae
1842 2633 2187 2723 (voluntate
2210 2622 2640 2714 antecedente)
2706 2630 2784 2695 ad
2842 2628 2987 2692 fran-

587 2734 856 2815 gendam
917 2736 1048 2819 ejus
1110 2734 1522 2818 pervicaciam
1588 2734 1665 2799 ab
1725 2734 1830 2798 illo
1872 2735 2118 2816 patrata
2180 2732 2425 2798 fuerant
2489 2731 2656 2815 (coll.
2707 2728 2847 2812 Sap.
2900 2728 2983 2802 11,

585 2834 856 2914 21-12,
901 2837 1012 2919 2.),
1058 2840 1120 2902 et
1163 2838 1382 2921 quibus
1420 2836 1666 2901 animus
1700 2834 1833 2918 ejus
1858 2836 1936 2900 ad
1978 2834 2392 2902 obedientiam
2438 2832 2706 2898 emolliri
2749 2830 2981 2915 poterat,

589 2937 642 3000 si
683 2936 820 3020 ipse
866 2938 1184 3017 voluisset,
1241 2941 1540 3021 negata
1583 2937 1639 3001 ei
1686 2936 1948 3001 uberiori
1986 2937 2187 3021 gratia
2230 2934 2378 3015 tali,
2426 2952 2583 3017 quae
2628 2933 2766 3017 ejus
2805 2930 2985 3015 pervi-

587 3040 824 3104 caciam
849 3044 1014 3106 certo
1038 3040 1348 3124 fregisset,
1395 3039 1746 3117 occasiO,
1792 3037 1919 3103 imo
1942 3041 2005 3103 et
2048 3055 2288 3103 causa
2332 3034 2729 3120 negativa
2774 3030 2986 3099 exstitit

585 3140 752 3206 illius
777 3141 1197 3207 obdurationis
1223 3160 1332 3206 seu
1354 3140 1745 3224 pervicaciae.
1762 3139 1809 3223 ¹)
1832 3175 1917 3186 —
1940 3138 2040 3204 Sic
2062 3142 2160 3203 est
2182 3138 2253 3203 M
2268 3156 2304 3202 o
2327 3157 2355 3203 3
2372 3158 2403 3201 3
2423 3157 2452 3201 3
2486 3139 2675 3221 typus
2698 3135 2985 3200 humanae

584 3243 921 3309 voluntatis
943 3243 1210 3329 gratiam
1250 3242 1749 3325 appetentis,
1800 3280 1876 3287 -—
1922 3240 2035 3306 Ph
2063 3259 2151 3306 ar
2174 3259 2268 3305 ao
2312 3256 2455 3304 vero
2478 3241 2667 3322 typus
2702 3238 2989 3302 humanae

584 3344 922 3409 voluntatis
967 3347 1204 3428 gratiae
1247 3344 1758 3409 resistentis,
1865 3343 2214 3425 Utrumque
2279 3340 2649 3425 operabatur
2716 3358 2841 3404 una
2901 3354 2987 3400 ea-

589 3444 853 3526 demque
896 3446 1014 3509 Dei
1055 3446 1359 3523 voluntas,
1405 3463 1651 3526 semper
1693 3444 1964 3527 benigna
2007 3447 2072 3508 et
2121 3445 2414 3509 clemens.
2464 3441 2686 3519 „Unus
2732 3443 2829 3505 est
2864 3436 2992 3503 solis

591 3545 788 3623 ardor,
835 3546 985 3610 dicit
1005 3566 1052 3614 s.
1078 3548 1633 3629 Hieronymus
1679 3545 1743 3609 in
1765 3546 1930 3610 hunc
1954 3546 2175 3623 locum,
2224 3548 2286 3609 et
2331 3543 2677 3609 secundum
2699 3538 2987 3606 essentias

587 3646 977 3729 subiacentes
1022 3648 1143 3713 alia
1185 3648 1524 3731 liquefacit,
1579 3646 1703 3711 alia
1744 3646 1993 3710 indurat
2038 3696 2051 3709 .
2103 3695 2117 3711 .
2164 3695 2177 3709 .
2267 3646 2569 3728 Liquatur
2612 3661 2755 3707 cera
2800 3643 2861 3705 et
2910 3640 2993 3703 in-

584 3747 838 3813 duratur
886 3748 1112 3826 lutum,
1173 3751 1234 3811 et
1278 3750 1490 3813 tamen
1533 3747 1753 3813 caloris
1812 3765 1936 3811 non
2000 3750 2097 3811 est
2157 3747 2399 3811 diversa
2441 3744 2681 3809 natura.
2774 3742 2875 3808 Sic
2930 3742 2987 3802 et

509 3846 516 3849 ’
581 3847 829 3913 bonitas
877 3850 940 3913 et
971 3848 1329 3931 ¹clementia
1370 3842 1653 3932 producit
1707 3848 1809 3913 hic
1851 3867 2001 3913 vasa
2042 3848 2405 3931 gratiae,
2463 3847 2596 3911 illic
2640 3863 2792 3912 vasa
2830 3844 2993 3907 irae

583 3948 858 4032 (Hieron.
908 3949 987 4014 ad
1030 3948 1256 4013 Hedib.
1301 3968 1397 4032 ep.
1446 3951 1637 4034 120).
1896 4015 1901 4019 .

781 4050 855 4116 V.
907 4051 1003 4115 19.
1050 4050 1280 4129 „Dices
1320 4050 1511 4136 iqitur
1552 4052 1703 4114 mihi
1723 4074 1743 4114 .·
1809 4049 1977 4125 Quid
2034 4048 2233 4113 adhuc
2290 4047 2643 4134 vituperat?
2707 4040 2991 4111 voluntati

582 4152 740 4215 enim
798 4154 927 4241 ejus
985 4152 1120 4237 quis
1175 4150 1403 4215 resistit
1419 4150 1488 4214 ΕΜ
1545 4186 1630 4197 --
1688 4150 1898 4231 Quum
1954 4151 2270 4233 apostolus
2327 4151 2509 4216 modo
2569 4150 2653 4233 (V.
2722 4147 2846 4229 18.)
2902 4142 2984 4207 di-

581 4253 800 4334 xisset,
869 4254 1152 4333 Deum,
1235 4251 1472 4336 cujus
1536 4252 1745 4331 vult,
1821 4250 2237 4330 misereri,
2333 4254 2411 4315 et
2484 4268 2717 4334 quem
2787 4246 2979 4317 vult,

801 4474 834 4545 ¹)
869 4474 1026 4541 Aug„
1065 4490 1096 4527 a
1129 4472 1274 4543 Lap.,
1312 4472 1502 4539 Tolet„
1540 4487 1572 4526 a
1607 4470 1807 4537 Picon„
1844 4468 2037 4525 Adalb.
2072 4469 2256 4537 Maior,
2293 4467 2509 4535 Beelen,
2540 4468 2776 4523 Reisehl.
