3234 4992
508 233 595 299 20
1526 229 1637 282 usp.
1664 230 1705 273 1.
1730 241 1777 272 v.
1804 229 1920 270 0-7.

518 416 834 483 crederent
878 414 1316 498 doctrinaeque
1363 415 1494 498 ejus
1538 415 1668 480 vita
1712 418 1776 480 et
1818 415 2089 482 moribus
2133 415 2499 498 obsequium
2524 419 2936 499 praestarent,

519 517 717 603 gloria
762 515 993 582 Christi
1039 517 1298 582 dilatata
1341 520 1456 583 est.

718 619 792 684 V.
841 619 897 682 6.
944 617 1067 696 „In
1111 617 1326 703 quibus
1367 618 1552 682 etiam
1590 639 1696 681 vos
1740 619 1941 682 estis.“
1983 617 2207 684 Verbis
2251 618 2348 682 his
2392 619 2613 697 innuit,
2660 618 2743 683 ab
2784 618 2939 700 ipsis

515 721 705 787 etiam
753 719 987 786 monita
1029 719 1161 803 ejus
1205 723 1390 803 atque
1434 720 1901 785 institutionem
1946 737 2079 785 esse
2125 719 2616 804 suscipiendam,
2687 718 2835 801 quia
2878 718 2941 783 et

513 822 637 905 ipsi
682 822 761 888 ad
803 821 942 888 illos
987 821 1244 906 populos
1288 822 1671 906 pertineant,
1740 822 1818 886 ad
1881 839 2033 906 quos
2092 821 2427 887 edocendos
2472 839 2700 885 munus
2748 839 2936 884 suum

511 927 848 1006 acceperat.
898 960 964 972 -
1023 973 1053 1007 „
1077 922 1293 986 Vocati
1333 923 1486 987 ,Iesu
1533 921 1825 1002 Christi,“
1878 923 1918 987 i.
1965 941 2016 986 e.
2085 921 2199 987 Dei
2264 922 2581 987 vocatione
2648 919 2937 1003 discipuli

513 1024 557 1090 J
561 1043 672 1090 esu
718 1022 951 1090 Christi
1011 1023 1240 1102 effecti,
1301 1041 1407 1088 seu
1473 1024 1591 1088 Dei
1656 1024 1983 1088 vocatione
2050 1023 2395 1088 christiani.
2443 1062 2515 1074 -
2567 1020 2935 1102 Genitivus:

513 1124 710 1190 Jesu
758 1123 1075 1191 Christi
1139 1127 1234 1189 est
1290 1124 1602 1208 genitivus
1670 1125 2201 1207 possessoris
2266 1123 2366 1208 (ut
2408 1123 2676 1192 Philem.
2722 1142 2775 1188 v.
2829 1120 2933 1205 1.),

515 1227 659 1311 (11110
701 1225 941 1292 vocatio
987 1225 1066 1291 ad
1109 1225 1294 1289 fidem
1341 1227 1701 1291 constanter
1742 1225 1875 1289 Deo
1921 1225 2093 1289 Patri
2136 1225 2447 1290 tribuitur.

721 1327 796 1396 V.
845 1328 900 1392 7.
947 1325 1310 1406 „Omnibu8,
1353 1327 1459 1412 qui
1491 1334 1631 1388 sunt
1653 1326 1908 1406 Romae,
1951 1325 2186 1389 dilectis
2208 1327 2352 1405 Dei,
2385 1327 2615 1390 vocatis
2647 1326 2938 1390 sancti3.“

512 1429 552 1497 i.
600 1449 650 1497 e.
697 1429 987 1496 omnibus
1032 1427 1318 1493 fidelibus
1362 1426 1680 1505 Romanis,
1744 1428 1873 1492 Deo
1921 1426 2085 1492 caris
2131 1431 2192 1491 et
2236 1427 2544 1511 gratuitae
2588 1426 2933 1492 vocationis

513 1529 648 1613 ejus
693 1529 986 1596 beneficio
1033 1528 1278 1594 sanctis
1332 1565 1390 1574 -
1455 1525 1639 1610 οὲγιος,
1684 1530 1755 1592 ut
1798 1528 2260 1594 Hebraeorum:
2328 1527 2749 1605 Kadosch,
2799 1527 2938 1591 uni-

511 1631 736 1696 versim
781 1631 1063 1696 denotat:
1109 1647 1146 1694 a
1191 1629 1507 1694 communi
1551 1647 1667 1694 usu
1712 1631 1773 1693 et
1816 1629 2253 1694 consuetudine
2300 1632 2656 1712 segregatus
2700 1646 2771 1692 ac
2796 1629 2929 1693 Deo

515 1734 922 1797 consecratus
972 1729 1173 1810 Quare
1217 1729 1403 1795 etiam
1449 1730 1514 1794 in
1538 1729 1616 1796 V.
1662 1730 1731 1794 Τ.
1780 1731 2134 1813 populus
2178 1729 2440 1794 Israel
2482 1729 2669 1795 110000
2692 1728 2937 1812 praedi-

520 1834 657 1898 cato
721 1833 973 1898 ornatus
1021 1834 1169 1912 erat,
1235 1833 1450 1914 utpote
1516 1849 1710 1914 quum
1756 1831 1924 1896 Deus
1993 1831 2171 1895 illum
2217 1849 2288 1894 ex
2332 1829 2621 1895 omnibus
2688 1829 2937 1912 populis

516 1934 736 2002 ceteris
779 1933 1069 2016 elegisset
1112 1933 1176 1998 et
1219 1933 1607 2016 segregasset
1666 1932 1851 2014 atque
1914 1931 2067 1995 inito
2131 1949 2272 1994 cum
2337 1931 2445 1996 illo
2504 1930 2747 1994 foedere
2814 1929 2939 1994 sibi

520 2035 974 2100 consecrasset.-
1041 2034 1117 2099 In
1182 2033 1254 2098 N.
1323 2032 1398 2099 T.
1467 2036 1679 2098 autem
1745 2033 2018 2098 sancti
2084 2032 2370 2098 dicuntur
2437 2031 2937 2110 christiani,

515 2139 816 2218 quatenus
877 2154 949 2200 ex
990 2136 1123 2199 tota
1166 2134 1210 2200 J
1215 2135 1544 2199 udaeorum
1611 2133 1956 2198 infidelium
2002 2136 2064 2197 et
2128 2132 2460 2216 gentilium
2527 2132 2933 2198 multitudine

514 2237 819 2322 segregati
865 2238 927 2300 et
971 2235 1100 2299 Deo
1146 2233 1485 2299 consecrati
1527 2234 1705 2313 sunt,
1773 2237 1845 2299 ut
1888 2233 2182 2298 nimirum
2230 2251 2267 2298 a
2310 2233 2581 2316 peccatis
2648 2234 2939 2298 mundati

515 2339 578 2400 et
622 2355 763 2401 cum
789 2336 920 2400 Deo
963 2335 1142 2414 uniti,
1190 2335 1385 2398 vitam
1429 2337 1619 2415 agant
1664 2335 1965 2400 sanctam.
2018 2371 2094 2380 —-
2141 2333 2427 2412 „Gratia
2468 2333 2636 2398 vobis
2658 2343 2712 2397 et
2730 2339 2941 2420 paoe,“

515 2437 646 2502 scil.
695 2437 793 2515 sit,
837 2437 940 2503 vel
963 2436 1142 2501 detur
1164 2439 1226 2500 et
1261 2436 1727 2520 multiplicetur.
1774 2435 2070 2502 Gratia
2116 2431 2339 2520 (χάρις)
2386 2436 2448 2500 et
2490 2455 2529 2518 p
2552 2453 2637 2500 ax
2684 2432 2940 2522 (εἰρήνη)

516 2538 708 2604 veluti
753 2555 998 2603 causa
1040 2538 1104 2602 et
1145 2537 1224 2602 ef
1232 2537 1265 2602 f
1272 2540 1516 2602 ectus
1560 2539 1721 2602 inter
1744 2555 1812 2602 se
1837 2537 2205 2614 cohaerent;
2252 2537 2414 2602 sicut
2451 2537 2517 2602 in
2550 2538 2704 2602 dono
2732 2537 2939 2619 aliquo

515 2657 548 2704 0
573 2657 772 2705 ausa
815 2638 960 2704 doni
1003 2639 1098 2703 est
1141 2655 1362 2704 amor
1405 2639 1709 2718 donantiS,
1756 2639 1964 2722 ipsum
2010 2641 2221 2704 autem
2262 2639 2490 2703 donum
2512 2640 2683 2704 illius
2708 2656 2936 2704 causae

515 2740 710 2807 veluti
761 2739 1029 2820 effectuS,
1076 2739 1166 2804 ita
1209 2739 1510 2823 gratia,
1559 2759 1715 2822 quae
1758 2740 1860 2804 hic
1906 2743 2002 2804 est
2046 2739 2164 2804 Dei
2211 2740 2413 2818 favor,
2482 2739 2933 2818 benevolentia,

516 2858 690 2906 amor
733 2859 878 2926 erga
917 2841 1220 2919 11011111100,
1269 2841 1364 2905 est
1407 2858 1684 2921 causa,
1752 2840 2253 2924 principium
2316 2841 2615 2922 omnium,
2664 2859 2819 2924 quae
2864 2859 2938 2904 ex

513 2943 630 3008 hoc
675 2941 882 3007 favore
906 2941 968 3006 et
989 2959 1196 3006 amore
1219 2941 1335 3006 Dei
1381 2944 1753 3025 sequuntur3
1801 2959 1943 3024 ergo
1990 2959 2195 3020 causa,
2241 2942 2610 3025 principium
2651 2941 2937 3006 omnium

511 3044 834 3121 bonorum,
882 3060 1037 3127 quae
1081 3061 1191 3126 per
1216 3040 1537 3107 Christum
1559 3043 1737 3108 nobis
1762 3042 2136 3122 christianis,
2184 3043 2389 3108 favore
2412 3045 2475 3106 et
2501 3041 2935 3108 benevolentia

511 3145 648 3225 Dei,
716 3146 782 3210 111
827 3143 1118 3228 religione
1185 3143 1518 3209 christiana
1586 3143 1955 3228 contingunt
2020 3144 2119 3228 (ut
2182 3143 2577 3222 illuminatio,
2646 3143 2934 3208 remissio

513 3249 926 3330 peccatorum,
973 3245 1400 3324 sanctificatio,
1469 3246 1901 3324 corroboratio,
1969 3245 2382 3329 glorificatio).
2478 3245 2774 3310 Summus
2818 3246 2935 3310 flos

514 3350 700 3429 atque
745 3347 1023 3426 effectus,
1069 3365 1177 3412 seu
1221 3347 1364 3411 finis
1410 3346 1593 3430 huJus
1638 3346 1874 3430 gratiae
1920 3349 2017 3412 est
2060 3365 2240 3428 pax,
2288 3346 2421 3410 scil.
2474 3347 2730 3425 interna,
2779 3364 2937 3429 quae

513 3447 609 3512 est
651 3446 1008 3512 hominibus
1052 3447 1117 3511 in
1162 3447 1292 3512 Deo
1337 3448 1400 3511 et
1453 3465 1610 3512 cum
1656 3448 1806 3526 Deo,
1877 3464 2065 3529 quam
2112 3447 2384 3512 mundus
2430 3465 2544 3512 nec
2592 3449 2755 3525 dare,
2822 3465 2936 3511 nec

514 3546 751 3612 auferre
795 3551 1020 3631 potest.
1071 3546 1192 3632 (Cf.
1239 3550 1641 3614 commentar.
1686 3549 1751 3612 in
1796 3548 1839 3614 J
1843 3565 1976 3613 oan.
2027 3548 2124 3626 14,
2170 3548 2321 3632 27).
2414 3547 2699 3631 Optando
2744 3546 2937 3632 igitur

512 3647 1012 3731 principium
1079 3647 1399 3732 (gratiam)
1468 3651 1530 3714 et
1596 3649 1874 3713 finem
1942 3647 2212 3732 (pacem)
2278 3649 2558 3714 omnium
2625 3649 2933 3714 bonorum

515 3749 948 3833 spiritualium,
1019 3749 1224 3833 optat,
1291 3750 1363 3814 ut
1427 3750 1517 3814 ait
1559 3768 1606 3814 s.
1657 3750 2032 3827 ThomaS,
2100 3750 2411 3832 apostolus
2479 3749 2689 3814 omnia
2752 3750 2933 3828 bona,

513 3868 669 3935 quae
714 3853 860 3916 sunt
902 3850 1062 3915 inter
1103 3850 1256 3915 11000
1302 3851 1420 3916 (1110
1445 3853 1735 3916 extrema.
1781 3887 1866 3899 —
1909 3849 2011 3929 „A
2055 3852 2189 3915 Deo
2237 3851 2425 3914 Patre
2466 3855 2713 3914 nostr-M
2730 3873 2755 3932 ,·
2796 3852 2836 3915 i.
2880 3869 2931 3916 e.

435 4015 448 4022 ,
513 3953 756 4019 auctore
801 3953 930 4017 Deo
973 3952 1178 4032 Patre,
1225 3951 1400 4036 cujus
1445 3970 1553 4017 nos
1581 3951 1710 4016 filii
1758 3951 2083 4036 (adoptivi)
2133 3971 2349 4018 sumus
2394 3971 2504 4036 per
2546 3952 2833 4036 gratiam.

711 4054 841 4134 „Et
881 4053 1150 4118 Domino
1181 4053 1333 4118 Jesu
1372 4052 1673 4134 Christo,“
1716 4054 1845 4118 scil.
1894 4056 2142 4119 auctore
2187 4057 2247 4118 et
2290 4054 2600 4138 largitore,
2646 4073 2840 4137 aeque
2864 4057 2937 4120 ut

515 4173 552 4221 a
597 4156 726 4221 Deo
775 4155 993 4233 Patre;
1059 4172 1207 4220 nam
1251 4155 1440 4220 verba
1482 4154 1635 4220 haec
1678 4155 1948 4238 pendent
1992 4155 2069 4220 ab
2118 4153 2257 4216 ἀπὸ.
2346 4154 2545 4220 Addit
2586 4156 2721 4236 hoc,
2790 4155 2937 4239 quia

515 4255 756 4321 aditum
801 4257 878 4322 ad
921 4256 1245 4322 Patrem
1312 4255 1615 4323 habemus
1682 4275 1791 4338 per
1844 4255 2149 4321 Filium
2218 4257 2669 4323 tantummodo.
2720 4293 2796 4305 --
2844 4257 2936 4322 Ex

514 4354 613 4419 his
657 4357 919 4438 apostoli
960 4356 1166 4423 verbis
1191 4376 1239 4422 s.
1264 4356 1484 4424 Patres
1507 4357 1677 4424 recte
1701 4357 2109 4423 ostendebant
2134 4355 2365 4424 Christi
2410 4357 2933 4431 divinitatem
