<?xml version="1.0" encoding="UTF-8"?>
<!DOCTYPE html PUBLIC "-//W3C//DTD XHTML 1.0 Transitional//EN"
    "http://www.w3.org/TR/xhtml1/DTD/xhtml1-transitional.dtd">
<html xmlns="http://www.w3.org/1999/xhtml" xml:lang="en" lang="en">
 <head>
  <title>
</title>
<meta http-equiv="Content-Type" content="text/html;charset=utf-8" />
  <meta name='ocr-system' content='tesseract 3.04.00' />
  <meta name='ocr-capabilities' content='ocr_page ocr_carea ocr_par ocr_line ocrx_word'/>
</head>
<body>
  <div class='ocr_page' id='page_1' title='image "./commentariusine00klofgoog_0209.png"; bbox 0 0 3234 4992; ppageno 0'>
   <div class='ocr_carea' id='block_1_1' title="bbox 1273 230 2708 305">
    <p class='ocr_par' dir='ltr' id='par_1_1' title="bbox 1273 230 2708 305">
     <span class='ocr_line' id='line_1_1' title="bbox 1273 230 2708 305; baseline 0.002 -32"><span class='ocrx_word' id='word_1_1' title='bbox 1273 230 1382 284; x_wconf 62' lang='grc' dir='ltr'><strong>σοι».</strong></span> <span class='ocrx_word' id='word_1_2' title='bbox 1409 232 1506 273; x_wconf 85' lang='lat' dir='ltr'><strong>xn.</strong></span> <span class='ocrx_word' id='word_1_3' title='bbox 1535 242 1567 273; x_wconf 81' lang='lat' dir='ltr'>v</span> <span class='ocrx_word' id='word_1_4' title='bbox 1609 235 1727 275; x_wconf 77' lang='lat'><strong>1-2.</strong></span> <span class='ocrx_word' id='word_1_5' title='bbox 2584 241 2708 305; x_wconf 71' lang='lat'><strong>205</strong></span> 
     </span>
    </p>
   </div>
   <div class='ocr_carea' id='block_1_2' title="bbox 220 413 2704 4555">
    <p class='ocr_par' dir='ltr' id='par_1_2' title="bbox 220 413 2704 806">
     <span class='ocr_line' id='line_1_2' title="bbox 222 413 2704 507; baseline 0.004 -28"><span class='ocrx_word' id='word_1_6' title='bbox 222 413 529 498; x_wconf 83' lang='lat'><strong>(1—2.);</strong></span> <span class='ocrx_word' id='word_1_7' title='bbox 586 418 743 482; x_wconf 89' lang='lat' dir='ltr'><strong>dein</strong></span> <span class='ocrx_word' id='word_1_8' title='bbox 785 416 1022 503; x_wconf 85' lang='grc'>(3-8.)</span> <span class='ocrx_word' id='word_1_9' title='bbox 1087 423 1298 484; x_wconf 89' lang='lat' dir='ltr'><strong>autem</strong></span> <span class='ocrx_word' id='word_1_10' title='bbox 1356 420 1434 485; x_wconf 89' lang='lat' dir='ltr'><strong>ad</strong></span> <span class='ocrx_word' id='word_1_11' title='bbox 1497 421 2061 503; x_wconf 86' lang='lat' dir='ltr'><strong>particularia</strong></span> <span class='ocrx_word' id='word_1_12' title='bbox 2121 423 2456 497; x_wconf 79' lang='lat' dir='ltr'><strong>descendit.</strong></span> <span class='ocrx_word' id='word_1_13' title='bbox 2520 429 2704 507; x_wconf 79' lang='lat' dir='ltr'><strong>atque</strong></span> 
     </span>
     <span class='ocr_line' id='line_1_3' title="bbox 220 518 2704 609; baseline 0.003 -27"><span class='ocrx_word' id='word_1_14' title='bbox 220 518 438 601; x_wconf 89' lang='lat' dir='ltr'><strong>primo</strong></span> <span class='ocrx_word' id='word_1_15' title='bbox 512 519 663 583; x_wconf 93' lang='lat' dir='ltr'><strong>illis</strong></span> <span class='ocrx_word' id='word_1_16' title='bbox 734 520 840 585; x_wconf 90' lang='lat' dir='ltr'><strong>dat</strong></span> <span class='ocrx_word' id='word_1_17' title='bbox 910 522 1150 585; x_wconf 89' lang='lat' dir='ltr'><strong>monita</strong></span> <span class='ocrx_word' id='word_1_18' title='bbox 1215 521 1293 585; x_wconf 88' lang='lat' dir='ltr'><strong>ad</strong></span> <span class='ocrx_word' id='word_1_19' title='bbox 1360 525 1597 586; x_wconf 89' lang='lat' dir='ltr'><strong>rectum</strong></span> <span class='ocrx_word' id='word_1_20' title='bbox 1668 541 1852 587; x_wconf 87' lang='lat' dir='ltr'><strong>usum</strong></span> <span class='ocrx_word' id='word_1_21' title='bbox 1918 525 2307 590; x_wconf 87' lang='lat' dir='ltr'><strong>donorum</strong></span> <span class='ocrx_word' id='word_1_22' title='bbox 2376 529 2704 609; x_wconf 76' lang='lat' dir='ltr'><strong>gratiae</strong></span> 
     </span>
     <span class='ocr_line' id='line_1_4' title="bbox 226 619 2704 705; baseline 0.004 -21"><span class='ocrx_word' id='word_1_23' title='bbox 226 619 819 705; x_wconf 87' lang='lat' dir='ltr'><strong>(charismatum);</strong></span> <span class='ocrx_word' id='word_1_24' title='bbox 866 623 1117 686; x_wconf 90' lang='lat' dir='ltr'><strong>tandem</strong></span> <span class='ocrx_word' id='word_1_25' title='bbox 1164 624 1243 687; x_wconf 90' lang='lat' dir='ltr'><strong>ad</strong></span> <span class='ocrx_word' id='word_1_26' title='bbox 1269 624 1465 687; x_wconf 87' lang='lat' dir='ltr'><strong>varias</strong></span> <span class='ocrx_word' id='word_1_27' title='bbox 1511 624 1875 688; x_wconf 88' lang='lat' dir='ltr'><strong>virtutes</strong></span> <span class='ocrx_word' id='word_1_28' title='bbox 1922 626 2289 690; x_wconf 83' lang='lat' dir='ltr'><strong>exercendas</strong></span> <span class='ocrx_word' id='word_1_29' title='bbox 2318 629 2570 691; x_wconf 76' lang='lat' dir='ltr'><strong>eusdem</strong></span> <span class='ocrx_word' id='word_1_30' title='bbox 2600 629 2704 693; x_wconf 77' lang='lat' dir='ltr'><strong>ad—</strong></span> 
     </span>
     <span class='ocr_line' id='line_1_5' title="bbox 222 722 896 806; baseline 0.001 -21"><span class='ocrx_word' id='word_1_31' title='bbox 222 722 530 786; x_wconf 72' lang='lat' dir='ltr'><strong>hortatur</strong></span> <span class='ocrx_word' id='word_1_32' title='bbox 582 722 896 806; x_wconf 85' lang='lat'><strong>(9—21.).</strong></span> 
     </span>
    </p>

    <p class='ocr_par' dir='ltr' id='par_1_3' title="bbox 223 824 2700 4050">
     <span class='ocr_line' id='line_1_6' title="bbox 450 824 2700 911; baseline 0.002 -23"><span class='ocrx_word' id='word_1_33' title='bbox 450 824 536 888; x_wconf 93' lang='lat' dir='ltr'><strong>V.</strong></span> <span class='ocrx_word' id='word_1_34' title='bbox 598 825 661 889; x_wconf 89' lang='lat'><strong>1.</strong></span> <span class='ocrx_word' id='word_1_35' title='bbox 711 824 1015 902; x_wconf 73' lang='lat' dir='ltr'><strong>„Obsecro</strong></span> <span class='ocrx_word' id='word_1_36' title='bbox 1058 826 1262 910; x_wconf 78' lang='lat' dir='ltr'><strong>itaque</strong></span> <span class='ocrx_word' id='word_1_37' title='bbox 1322 847 1446 904; x_wconf 68' lang='lat' dir='ltr'><strong>voe,</strong></span> <span class='ocrx_word' id='word_1_38' title='bbox 1488 824 1759 909; x_wconf 71' lang='lat' dir='ltr'><strong>fratrea,</strong></span> <span class='ocrx_word' id='word_1_39' title='bbox 1806 848 1926 911; x_wconf 78' lang='lat' dir='ltr'><strong>per</strong></span> <span class='ocrx_word' id='word_1_40' title='bbox 1970 826 2097 890; x_wconf 83' lang='lat' dir='ltr'><strong>Dei</strong></span> <span class='ocrx_word' id='word_1_41' title='bbox 2152 828 2700 893; x_wconf 54' lang='lat' dir='ltr'><strong>misericordiam*</strong></span> 
     </span>
     <span class='ocr_line' id='line_1_7' title="bbox 223 924 2700 1012; baseline 0.004 -24"><span class='ocrx_word' id='word_1_42' title='bbox 223 925 579 990; x_wconf 86' lang='lat' dir='ltr'><strong>Particula</strong></span> <span class='ocrx_word' id='word_1_43' title='bbox 635 924 741 989; x_wconf 72' lang='lat' dir='ltr'><strong>miv</strong></span> <span class='ocrx_word' id='word_1_44' title='bbox 785 927 1108 991; x_wconf 88' lang='lat' dir='ltr'><strong>referenda</strong></span> <span class='ocrx_word' id='word_1_45' title='bbox 1167 928 1264 990; x_wconf 87' lang='lat' dir='ltr'><strong>est</strong></span> <span class='ocrx_word' id='word_1_46' title='bbox 1323 926 1401 990; x_wconf 88' lang='lat' dir='ltr'><strong>ad</strong></span> <span class='ocrx_word' id='word_1_47' title='bbox 1461 928 1657 991; x_wconf 87' lang='lat' dir='ltr'><strong>totam</strong></span> <span class='ocrx_word' id='word_1_48' title='bbox 1720 929 2055 993; x_wconf 88' lang='lat' dir='ltr'><strong>orationem</strong></span> <span class='ocrx_word' id='word_1_49' title='bbox 2122 933 2568 1012; x_wconf 72' lang='lat' dir='ltr'><strong>antegressum,</strong></span> <span class='ocrx_word' id='word_1_50' title='bbox 2616 933 2700 997; x_wconf 77' lang='lat' dir='ltr'><strong>ita</strong></span> 
     </span>
     <span class='ocr_line' id='line_1_8' title="bbox 223 1027 2696 1114; baseline 0.002 -25"><span class='ocrx_word' id='word_1_51' title='bbox 223 1029 296 1090; x_wconf 91' lang='lat' dir='ltr'><strong>ut</strong></span> <span class='ocrx_word' id='word_1_52' title='bbox 344 1044 596 1092; x_wconf 89' lang='lat' dir='ltr'><strong>sensus</strong></span> <span class='ocrx_word' id='word_1_53' title='bbox 648 1029 764 1094; x_wconf 85' lang='lat' dir='ltr'><strong>sit:</strong></span> <span class='ocrx_word' id='word_1_54' title='bbox 811 1027 1020 1108; x_wconf 79' lang='lat' dir='ltr'><strong>Quum</strong></span> <span class='ocrx_word' id='word_1_55' title='bbox 1066 1028 1256 1111; x_wconf 89' lang='lat' dir='ltr'><strong>igitur</strong></span> <span class='ocrx_word' id='word_1_56' title='bbox 1298 1029 1440 1092; x_wconf 88' lang='lat' dir='ltr'><strong>talis</strong></span> <span class='ocrx_word' id='word_1_57' title='bbox 1487 1028 1780 1111; x_wconf 88' lang='lat' dir='ltr'><strong>tantaque</strong></span> <span class='ocrx_word' id='word_1_58' title='bbox 1838 1029 2023 1094; x_wconf 90' lang='lat' dir='ltr'><strong>fuerit</strong></span> <span class='ocrx_word' id='word_1_59' title='bbox 2067 1031 2185 1094; x_wconf 86' lang='lat' dir='ltr'><strong>Dei</strong></span> <span class='ocrx_word' id='word_1_60' title='bbox 2229 1050 2376 1114; x_wconf 77' lang='lat' dir='ltr'><strong>erga</strong></span> <span class='ocrx_word' id='word_1_61' title='bbox 2420 1049 2528 1093; x_wconf 68' lang='lat' dir='ltr'><strong>vus</strong></span> <span class='ocrx_word' id='word_1_62' title='bbox 2580 1037 2696 1097; x_wconf 79' lang='lat' dir='ltr'><strong>mi-</strong></span> 
     </span>
     <span class='ocr_line' id='line_1_9' title="bbox 225 1128 2696 1214; baseline 0.003 -25"><span class='ocrx_word' id='word_1_63' title='bbox 225 1128 608 1205; x_wconf 88' lang='lat' dir='ltr'><strong>sericordia,</strong></span> <span class='ocrx_word' id='word_1_64' title='bbox 679 1130 1013 1211; x_wconf 88' lang='lat' dir='ltr'><strong>conspicua</strong></span> <span class='ocrx_word' id='word_1_65' title='bbox 1075 1129 1369 1193; x_wconf 90' lang='lat' dir='ltr'><strong>nimirum</strong></span> <span class='ocrx_word' id='word_1_66' title='bbox 1433 1130 1497 1193; x_wconf 90' lang='lat' dir='ltr'><strong>in</strong></span> <span class='ocrx_word' id='word_1_67' title='bbox 1554 1130 1759 1213; x_wconf 88' lang='lat' dir='ltr'><strong>gratia</strong></span> <span class='ocrx_word' id='word_1_68' title='bbox 1794 1131 2278 1214; x_wconf 86' lang='lat' dir='ltr'><strong>justificationis,</strong></span> <span class='ocrx_word' id='word_1_69' title='bbox 2340 1153 2444 1213; x_wconf 80' lang='lat' dir='ltr'><strong>per</strong></span> <span class='ocrx_word' id='word_1_70' title='bbox 2490 1137 2696 1213; x_wconf 67' lang='lat' dir='ltr'><strong>ipeam</strong></span> 
     </span>
     <span class='ocr_line' id='line_1_10' title="bbox 225 1228 2692 1313; baseline 0 -22"><span class='ocrx_word' id='word_1_71' title='bbox 225 1228 416 1293; x_wconf 90' lang='lat' dir='ltr'><strong>illam</strong></span> <span class='ocrx_word' id='word_1_72' title='bbox 468 1230 605 1294; x_wconf 90' lang='lat' dir='ltr'><strong>Dei</strong></span> <span class='ocrx_word' id='word_1_73' title='bbox 656 1230 1140 1295; x_wconf 88' lang='lat' dir='ltr'><strong>misericordiam</strong></span> <span class='ocrx_word' id='word_1_74' title='bbox 1187 1230 1363 1295; x_wconf 86' lang='lat' dir='ltr'><strong>vobis</strong></span> <span class='ocrx_word' id='word_1_75' title='bbox 1424 1231 1815 1313; x_wconf 80' lang='lat' dir='ltr'>impartitam</span> <span class='ocrx_word' id='word_1_76' title='bbox 1878 1232 2163 1297; x_wconf 74' lang='lat' dir='ltr'><strong>exhortor</strong></span> <span class='ocrx_word' id='word_1_77' title='bbox 2206 1251 2329 1297; x_wconf 80' lang='lat' dir='ltr'><strong>vos,</strong></span> <span class='ocrx_word' id='word_1_78' title='bbox 2384 1273 2456 1277; x_wconf 96' lang='lat'><strong>—</strong></span> <span class='ocrx_word' id='word_1_79' title='bbox 2504 1257 2692 1313; x_wconf 59' lang='grc' dir='ltr'>παρα-</span> 
     </span>
     <span class='ocr_line' id='line_1_11' title="bbox 224 1328 2696 1416; baseline 0.004 -26"><span class='ocrx_word' id='word_1_80' title='bbox 224 1328 421 1407; x_wconf 57' lang='lat' dir='ltr'><strong>udam,</strong></span> <span class='ocrx_word' id='word_1_81' title='bbox 487 1332 806 1416; x_wconf 83' lang='lat' dir='ltr'><strong>exhortor,</strong></span> <span class='ocrx_word' id='word_1_82' title='bbox 875 1333 1145 1398; x_wconf 87' lang='lat' dir='ltr'><strong>obsecro.</strong></span> <span class='ocrx_word' id='word_1_83' title='bbox 1210 1372 1285 1382; x_wconf 85' lang='lat'><em>-</em></span> <span class='ocrx_word' id='word_1_84' title='bbox 1347 1334 1651 1412; x_wconf 80' lang='grc' dir='ltr'><em>οἰκτιρμοὶ,</em></span> <span class='ocrx_word' id='word_1_85' title='bbox 1716 1332 2072 1410; x_wconf 82' lang='lat' dir='ltr'><strong>viscera3</strong></span> <span class='ocrx_word' id='word_1_86' title='bbox 2143 1353 2331 1416; x_wconf 91' lang='lat' dir='ltr'><strong>quum</strong></span> <span class='ocrx_word' id='word_1_87' title='bbox 2384 1337 2696 1401; x_wconf 66' lang='lat' dir='ltr'><strong>veteribus</strong></span> 
     </span>
     <span class='ocr_line' id='line_1_12' title="bbox 228 1432 2696 1513; baseline 0.003 -18"><span class='ocrx_word' id='word_1_88' title='bbox 228 1432 485 1497; x_wconf 80' lang='lat' dir='ltr'><strong>viscera</strong></span> <span class='ocrx_word' id='word_1_89' title='bbox 537 1437 761 1499; x_wconf 88' lang='lat' dir='ltr'><strong>essent</strong></span> <span class='ocrx_word' id='word_1_90' title='bbox 807 1433 983 1497; x_wconf 87' lang='lat' dir='ltr'><strong>sedes</strong></span> <span class='ocrx_word' id='word_1_91' title='bbox 1029 1433 1226 1497; x_wconf 86' lang='lat' dir='ltr'><strong>animi</strong></span> <span class='ocrx_word' id='word_1_92' title='bbox 1272 1435 1779 1511; x_wconf 82' lang='lat' dir='ltr'><strong>commotionum,</strong></span> <span class='ocrx_word' id='word_1_93' title='bbox 1844 1438 1915 1498; x_wconf 92' lang='lat' dir='ltr'><strong>ut</strong></span> <span class='ocrx_word' id='word_1_94' title='bbox 1972 1437 2317 1513; x_wconf 87' lang='lat' dir='ltr'><strong>amoris,</strong></span> <span class='ocrx_word' id='word_1_95' title='bbox 2384 1437 2696 1501; x_wconf 78' lang='lat' dir='ltr'><strong>miseri-</strong></span> 
     </span>
     <span class='ocr_line' id='line_1_13' title="bbox 230 1533 2696 1621; baseline 0.002 -26"><span class='ocrx_word' id='word_1_96' title='bbox 230 1533 632 1614; x_wconf 88' lang='lat' dir='ltr'><strong>cordiae,</strong></span> <span class='ocrx_word' id='word_1_97' title='bbox 701 1552 816 1599; x_wconf 86' lang='lat' dir='ltr'><strong>vox</strong></span> <span class='ocrx_word' id='word_1_98' title='bbox 881 1534 1034 1599; x_wconf 83' lang='lat' dir='ltr'><strong>haec</strong></span> <span class='ocrx_word' id='word_1_99' title='bbox 1101 1534 1334 1617; x_wconf 89' lang='lat' dir='ltr'><strong>tropice</strong></span> <span class='ocrx_word' id='word_1_100' title='bbox 1401 1536 1614 1619; x_wconf 86' lang='lat' dir='ltr'><strong>(causa</strong></span> <span class='ocrx_word' id='word_1_101' title='bbox 1682 1554 1792 1620; x_wconf 88' lang='lat' dir='ltr'><strong>pro</strong></span> <span class='ocrx_word' id='word_1_102' title='bbox 1860 1536 2109 1621; x_wconf 79' lang='lat' dir='ltr'><strong>effectu)</strong></span> <span class='ocrx_word' id='word_1_103' title='bbox 2173 1536 2460 1621; x_wconf 79' lang='lat' dir='ltr'><strong>designat</strong></span> <span class='ocrx_word' id='word_1_104' title='bbox 2508 1541 2696 1601; x_wconf 78' lang='lat' dir='ltr'><strong>etiam</strong></span> 
     </span>
     <span class='ocr_line' id='line_1_14' title="bbox 231 1634 2700 1723; baseline 0.002 -26"><span class='ocrx_word' id='word_1_105' title='bbox 231 1634 952 1700; x_wconf 80' lang='lat' dir='ltr'><strong>misericordiam.</strong></span> <span class='ocrx_word' id='word_1_106' title='bbox 1015 1672 1102 1683; x_wconf 91' lang='lat'>—</span> <span class='ocrx_word' id='word_1_107' title='bbox 1161 1636 1298 1713; x_wconf 80' lang='lat' dir='ltr'><strong>„Ut</strong></span> <span class='ocrx_word' id='word_1_108' title='bbox 1356 1636 1687 1701; x_wconf 73' lang='lat' dir='ltr'><strong>coehibeatis</strong></span> <span class='ocrx_word' id='word_1_109' title='bbox 1740 1659 2001 1723; x_wconf 77' lang='lat' dir='ltr'><strong>corpora</strong></span> <span class='ocrx_word' id='word_1_110' title='bbox 2057 1646 2259 1701; x_wconf 67' lang='lat' dir='ltr'><strong>vestra</strong></span> <span class='ocrx_word' id='word_1_111' title='bbox 2315 1639 2572 1701; x_wconf 66' lang='lat' dir='ltr'><strong>bustiam</strong></span> <span class='ocrx_word' id='word_1_112' title='bbox 2616 1641 2700 1701; x_wconf 74' lang='lat' dir='ltr'><strong>ui-</strong></span> 
     </span>
     <span class='ocr_line' id='line_1_15' title="bbox 230 1736 2696 1833; baseline 0.002 -37"><span class='ocrx_word' id='word_1_113' title='bbox 230 1744 472 1799; x_wconf 77' lang='lat' dir='ltr'><strong>ventem</strong></span> <span class='ocrx_word' id='word_1_114' title='bbox 488 1742 561 1817; x_wconf 86' lang='lat'><strong>‚·“</strong></span> <span class='ocrx_word' id='word_1_115' title='bbox 624 1737 664 1801; x_wconf 93' lang='lat' dir='ltr'><strong>i.</strong></span> <span class='ocrx_word' id='word_1_116' title='bbox 729 1750 779 1802; x_wconf 85' lang='lat' dir='ltr'><strong>e.</strong></span> <span class='ocrx_word' id='word_1_117' title='bbox 829 1737 898 1833; x_wconf 75' lang='lat' dir='ltr'><strong>ut</strong></span> <span class='ocrx_word' id='word_1_118' title='bbox 953 1736 1017 1801; x_wconf 91' lang='lat' dir='ltr'><strong>in</strong></span> <span class='ocrx_word' id='word_1_119' title='bbox 1080 1738 1478 1822; x_wconf 83' lang='lat' dir='ltr'><strong>gratitudinis</strong></span> <span class='ocrx_word' id='word_1_120' title='bbox 1541 1743 2019 1830; x_wconf 75' lang='lat' dir='ltr'><strong>monumentum</strong></span> <span class='ocrx_word' id='word_1_121' title='bbox 2068 1741 2195 1804; x_wconf 88' lang='lat' dir='ltr'><strong>Deo</strong></span> <span class='ocrx_word' id='word_1_122' title='bbox 2254 1739 2524 1805; x_wconf 77' lang='lat' dir='ltr'><strong>offeratis</strong></span> <span class='ocrx_word' id='word_1_123' title='bbox 2568 1761 2696 1805; x_wconf 74' lang='lat' dir='ltr'><strong>cur-</strong></span> 
     </span>
     <span class='ocr_line' id='line_1_16' title="bbox 235 1837 2692 1921; baseline 0 -21"><span class='ocrx_word' id='word_1_124' title='bbox 235 1853 388 1917; x_wconf 86' lang='lat' dir='ltr'><strong>pora</strong></span> <span class='ocrx_word' id='word_1_125' title='bbox 452 1841 681 1902; x_wconf 87' lang='lat' dir='ltr'><strong>vestra</strong></span> <span class='ocrx_word' id='word_1_126' title='bbox 741 1837 1065 1903; x_wconf 84' lang='lat' dir='ltr'><strong>victimam</strong></span> <span class='ocrx_word' id='word_1_127' title='bbox 1127 1839 1456 1917; x_wconf 85' lang='lat' dir='ltr'><strong>viventem,</strong></span> <span class='ocrx_word' id='word_1_128' title='bbox 1517 1841 1646 1904; x_wconf 90' lang='lat' dir='ltr'><strong>scil.</strong></span> <span class='ocrx_word' id='word_1_129' title='bbox 1707 1840 1829 1905; x_wconf 90' lang='lat' dir='ltr'><strong>fide</strong></span> <span class='ocrx_word' id='word_1_130' title='bbox 1888 1846 1950 1903; x_wconf 88' lang='lat' dir='ltr'><strong>et</strong></span> <span class='ocrx_word' id='word_1_131' title='bbox 2006 1840 2321 1905; x_wconf 90' lang='lat' dir='ltr'><strong>charitate.</strong></span> <span class='ocrx_word' id='word_1_132' title='bbox 2372 1885 2448 1897; x_wconf 72' lang='grc'>-</span> <span class='ocrx_word' id='word_1_133' title='bbox 2508 1865 2692 1921; x_wconf 59' lang='grc' dir='ltr'>παρα-</span> 
     </span>
     <span class='ocr_line' id='line_1_17' title="bbox 235 1940 2692 2022; baseline 0.004 -28"><span class='ocrx_word' id='word_1_134' title='bbox 235 1942 457 2017; x_wconf 72' lang='grc' dir='ltr'><em>στῆσαι</em></span> <span class='ocrx_word' id='word_1_135' title='bbox 520 1959 563 2003; x_wconf 90' lang='lat' dir='ltr'><strong>a</strong></span> <span class='ocrx_word' id='word_1_136' title='bbox 608 1942 947 2021; x_wconf 77' lang='grc' dir='ltr'><strong><em>παρίστημι,</em></strong></span> <span class='ocrx_word' id='word_1_137' title='bbox 998 1940 1176 2022; x_wconf 86' lang='lat' dir='ltr'><strong>juxta</strong></span> <span class='ocrx_word' id='word_1_138' title='bbox 1236 1941 1509 2022; x_wconf 80' lang='lat' dir='ltr'><strong>aliquem</strong></span> <span class='ocrx_word' id='word_1_139' title='bbox 1570 1942 1743 2020; x_wconf 88' lang='lat' dir='ltr'><strong>sist0,</strong></span> <span class='ocrx_word' id='word_1_140' title='bbox 1806 1941 1976 2018; x_wconf 88' lang='lat' dir='ltr'><strong>sisto,</strong></span> <span class='ocrx_word' id='word_1_141' title='bbox 2039 1942 2356 2017; x_wconf 74' lang='lat' dir='ltr'><strong>admoveO,</strong></span> <span class='ocrx_word' id='word_1_142' title='bbox 2420 1943 2692 2005; x_wconf 64' lang='lat' dir='ltr'><strong>exhiheri.</strong></span> 
     </span>
     <span class='ocr_line' id='line_1_18' title="bbox 238 2037 2692 2125; baseline 0.002 -24"><span class='ocrx_word' id='word_1_143' title='bbox 238 2037 616 2123; x_wconf 84' lang='lat' dir='ltr'><strong>Desumpta</strong></span> <span class='ocrx_word' id='word_1_144' title='bbox 672 2046 766 2105; x_wconf 88' lang='lat' dir='ltr'><strong>est</strong></span> <span class='ocrx_word' id='word_1_145' title='bbox 819 2059 934 2106; x_wconf 83' lang='lat' dir='ltr'><strong>vox</strong></span> <span class='ocrx_word' id='word_1_146' title='bbox 990 2041 1144 2106; x_wconf 87' lang='lat' dir='ltr'><strong>haec</strong></span> <span class='ocrx_word' id='word_1_147' title='bbox 1208 2060 1281 2105; x_wconf 83' lang='lat' dir='ltr'><strong>ex</strong></span> <span class='ocrx_word' id='word_1_148' title='bbox 1323 2042 1705 2106; x_wconf 86' lang='lat' dir='ltr'><strong>Judaeorum</strong></span> <span class='ocrx_word' id='word_1_149' title='bbox 1751 2042 1874 2105; x_wconf 88' lang='lat' dir='ltr'><strong>ritu</strong></span> <span class='ocrx_word' id='word_1_150' title='bbox 1938 2041 2456 2117; x_wconf 80' lang='lat' dir='ltr'><strong>sacrificali,</strong></span> <span class='ocrx_word' id='word_1_151' title='bbox 2516 2045 2692 2125; x_wconf 62' lang='lat' dir='ltr'><strong>juxta</strong></span> 
     </span>
     <span class='ocr_line' id='line_1_19' title="bbox 246 2142 2692 2227; baseline 0.002 -23"><span class='ocrx_word' id='word_1_152' title='bbox 246 2157 441 2220; x_wconf 88' lang='lat' dir='ltr'><strong>quem</strong></span> <span class='ocrx_word' id='word_1_153' title='bbox 514 2142 781 2207; x_wconf 85' lang='lat' dir='ltr'><strong>victima</strong></span> <span class='ocrx_word' id='word_1_154' title='bbox 845 2142 1048 2227; x_wconf 87' lang='lat' dir='ltr'><strong>primo</strong></span> <span class='ocrx_word' id='word_1_155' title='bbox 1115 2143 1194 2207; x_wconf 90' lang='lat' dir='ltr'><strong>ad</strong></span> <span class='ocrx_word' id='word_1_156' title='bbox 1260 2143 1454 2207; x_wconf 87' lang='lat' dir='ltr'><strong>altare</strong></span> <span class='ocrx_word' id='word_1_157' title='bbox 1523 2143 1882 2221; x_wconf 81' lang='lat' dir='ltr'><strong>ducebatur,</strong></span> <span class='ocrx_word' id='word_1_158' title='bbox 1950 2145 2014 2207; x_wconf 88' lang='lat' dir='ltr'><strong>et</strong></span> <span class='ocrx_word' id='word_1_159' title='bbox 2077 2143 2220 2207; x_wconf 89' lang='lat' dir='ltr'><strong>dein</strong></span> <span class='ocrx_word' id='word_1_160' title='bbox 2287 2161 2492 2209; x_wconf 80' lang='lat' dir='ltr'><strong>coram</strong></span> <span class='ocrx_word' id='word_1_161' title='bbox 2568 2145 2692 2209; x_wconf 72' lang='lat' dir='ltr'><strong>Dec</strong></span> 
     </span>
     <span class='ocr_line' id='line_1_20' title="bbox 240 2243 2696 2325; baseline 0.002 -22"><span class='ocrx_word' id='word_1_162' title='bbox 240 2243 561 2324; x_wconf 82' lang='lat' dir='ltr'><strong>tanquam</strong></span> <span class='ocrx_word' id='word_1_163' title='bbox 609 2244 780 2307; x_wconf 91' lang='lat' dir='ltr'><strong>omni</strong></span> <span class='ocrx_word' id='word_1_164' title='bbox 825 2244 966 2309; x_wconf 90' lang='lat' dir='ltr'><strong>labe</strong></span> <span class='ocrx_word' id='word_1_165' title='bbox 1013 2262 1227 2309; x_wconf 87' lang='lat' dir='ltr'><strong>carens</strong></span> <span class='ocrx_word' id='word_1_166' title='bbox 1273 2243 1628 2308; x_wconf 80' lang='lat' dir='ltr'><strong>sistebatur.</strong></span> <span class='ocrx_word' id='word_1_167' title='bbox 1660 2243 2110 2325; x_wconf 84' lang='lat' dir='ltr'><strong>——Apostolus</strong></span> <span class='ocrx_word' id='word_1_168' title='bbox 2157 2243 2309 2307; x_wconf 92' lang='lat' dir='ltr'><strong>dicit</strong></span> <span class='ocrx_word' id='word_1_169' title='bbox 2352 2261 2696 2325; x_wconf 66' lang='lat' dir='ltr'><strong>corpora</strong></span> 
     </span>
     <span class='ocr_line' id='line_1_21' title="bbox 239 2344 2692 2428; baseline 0.002 -22"><span class='ocrx_word' id='word_1_170' title='bbox 239 2347 528 2408; x_wconf 87' lang='lat' dir='ltr'><strong>vestra</strong></span> <span class='ocrx_word' id='word_1_171' title='bbox 582 2349 645 2409; x_wconf 89' lang='lat' dir='ltr'><strong>et</strong></span> <span class='ocrx_word' id='word_1_172' title='bbox 705 2364 865 2410; x_wconf 91' lang='lat' dir='ltr'><strong>non:</strong></span> <span class='ocrx_word' id='word_1_173' title='bbox 927 2363 1069 2411; x_wconf 90' lang='lat' dir='ltr'><strong>vos</strong></span> <span class='ocrx_word' id='word_1_174' title='bbox 1133 2345 1397 2428; x_wconf 78' lang='lat' dir='ltr'><strong>ipsoS,</strong></span> <span class='ocrx_word' id='word_1_175' title='bbox 1459 2345 1602 2426; x_wconf 89' lang='lat' dir='ltr'><strong>quia</strong></span> <span class='ocrx_word' id='word_1_176' title='bbox 1662 2344 2009 2426; x_wconf 88' lang='lat' dir='ltr'><strong>significare</strong></span> <span class='ocrx_word' id='word_1_177' title='bbox 2070 2346 2223 2422; x_wconf 85' lang='lat' dir='ltr'><strong>vult,</strong></span> <span class='ocrx_word' id='word_1_178' title='bbox 2286 2344 2692 2409; x_wconf 76' lang='lat' dir='ltr'><strong>christianum</strong></span> 
     </span>
     <span class='ocr_line' id='line_1_22' title="bbox 249 2446 2692 2530; baseline 0.001 -24"><span class='ocrx_word' id='word_1_179' title='bbox 249 2463 391 2509; x_wconf 87' lang='lat' dir='ltr'><strong>vere</strong></span> <span class='ocrx_word' id='word_1_180' title='bbox 439 2449 649 2512; x_wconf 85' lang='lat' dir='ltr'><strong>talem</strong></span> <span class='ocrx_word' id='word_1_181' title='bbox 695 2448 885 2511; x_wconf 87' lang='lat' dir='ltr'><strong>etiam</strong></span> <span class='ocrx_word' id='word_1_182' title='bbox 931 2465 1230 2530; x_wconf 87' lang='lat' dir='ltr'><strong>corpus</strong></span> <span class='ocrx_word' id='word_1_183' title='bbox 1276 2465 1458 2510; x_wconf 89' lang='lat' dir='ltr'><strong>suum</strong></span> <span class='ocrx_word' id='word_1_184' title='bbox 1506 2447 1635 2510; x_wconf 89' lang='lat' dir='ltr'><strong>Deo</strong></span> <span class='ocrx_word' id='word_1_185' title='bbox 1683 2464 2036 2510; x_wconf 87' lang='lat' dir='ltr'><strong>consecrare</strong></span> <span class='ocrx_word' id='word_1_186' title='bbox 2082 2446 2323 2510; x_wconf 90' lang='lat' dir='ltr'><strong>debere.</strong></span> <span class='ocrx_word' id='word_1_187' title='bbox 2372 2485 2448 2493; x_wconf 97' lang='lat'><strong>—</strong></span> <span class='ocrx_word' id='word_1_188' title='bbox 2504 2449 2692 2509; x_wconf 72' lang='lat' dir='ltr'><strong>Porro</strong></span> 
     </span>
     <span class='ocr_line' id='line_1_23' title="bbox 244 2545 2692 2629; baseline 0 -22"><span class='ocrx_word' id='word_1_189' title='bbox 244 2545 396 2609; x_wconf 88' lang='lat' dir='ltr'><strong>dicit</strong></span> <span class='ocrx_word' id='word_1_190' title='bbox 442 2548 590 2612; x_wconf 85' lang='lat' dir='ltr'><strong>viv</strong></span> <span class='ocrx_word' id='word_1_191' title='bbox 616 2551 876 2613; x_wconf 88' lang='lat' dir='ltr'><strong>entem</strong></span> <span class='ocrx_word' id='word_1_192' title='bbox 941 2548 1281 2623; x_wconf 90' lang='lat' dir='ltr'><strong>victimam,</strong></span> <span class='ocrx_word' id='word_1_193' title='bbox 1343 2551 1413 2611; x_wconf 91' lang='lat' dir='ltr'><strong>ut</strong></span> <span class='ocrx_word' id='word_1_194' title='bbox 1475 2548 1823 2629; x_wconf 90' lang='lat' dir='ltr'><strong>distinguat</strong></span> <span class='ocrx_word' id='word_1_195' title='bbox 1868 2565 1903 2611; x_wconf 93' lang='lat' dir='ltr'><strong>a</strong></span> <span class='ocrx_word' id='word_1_196' title='bbox 1947 2547 2219 2612; x_wconf 86' lang='lat' dir='ltr'><strong>victimis</strong></span> <span class='ocrx_word' id='word_1_197' title='bbox 2283 2549 2488 2613; x_wconf 78' lang='lat' dir='ltr'><strong>cultus</strong></span> <span class='ocrx_word' id='word_1_198' title='bbox 2540 2549 2692 2613; x_wconf 65' lang='lat' dir='ltr'><strong>levi-</strong></span> 
     </span>
     <span class='ocr_line' id='line_1_24' title="bbox 248 2646 2696 2730; baseline 0.002 -22"><span class='ocrx_word' id='word_1_199' title='bbox 248 2646 377 2727; x_wconf 89' lang='lat' dir='ltr'><strong>tici,</strong></span> <span class='ocrx_word' id='word_1_200' title='bbox 426 2667 600 2730; x_wconf 89' lang='lat' dir='ltr'><strong>quae</strong></span> <span class='ocrx_word' id='word_1_201' title='bbox 645 2652 831 2713; x_wconf 90' lang='lat' dir='ltr'><strong>antea</strong></span> <span class='ocrx_word' id='word_1_202' title='bbox 875 2648 1350 2723; x_wconf 80' lang='lat' dir='ltr'><strong>occidebantur3</strong></span> <span class='ocrx_word' id='word_1_203' title='bbox 1401 2649 1507 2712; x_wconf 87' lang='lat' dir='ltr'><strong>sed</strong></span> <span class='ocrx_word' id='word_1_204' title='bbox 1556 2648 1614 2712; x_wconf 91' lang='lat' dir='ltr'><strong>h.</strong></span> <span class='ocrx_word' id='word_1_205' title='bbox 1666 2649 1705 2711; x_wconf 95' lang='lat' dir='ltr'><strong>l.</strong></span> <span class='ocrx_word' id='word_1_206' title='bbox 1756 2666 1937 2712; x_wconf 86' lang='lat' dir='ltr'><strong>voce:</strong></span> <span class='ocrx_word' id='word_1_207' title='bbox 1999 2648 2416 2713; x_wconf 82' lang='lat' dir='ltr'><strong>viventem</strong></span> <span class='ocrx_word' id='word_1_208' title='bbox 2464 2649 2696 2713; x_wconf 75' lang='lat' dir='ltr'><strong>indicat</strong></span> 
     </span>
     <span class='ocr_line' id='line_1_25' title="bbox 246 2747 2688 2830; baseline 0.002 -21"><span class='ocrx_word' id='word_1_209' title='bbox 246 2748 443 2814; x_wconf 87' lang='lat' dir='ltr'><strong>vitam</strong></span> <span class='ocrx_word' id='word_1_210' title='bbox 494 2751 947 2830; x_wconf 85' lang='lat' dir='ltr'><strong>sublimiorem,</strong></span> <span class='ocrx_word' id='word_1_211' title='bbox 997 2767 1227 2828; x_wconf 88' lang='lat' dir='ltr'><strong>veram,</strong></span> <span class='ocrx_word' id='word_1_212' title='bbox 1275 2750 1340 2812; x_wconf 91' lang='lat' dir='ltr'><strong>in</strong></span> <span class='ocrx_word' id='word_1_213' title='bbox 1383 2749 1502 2813; x_wconf 91' lang='lat' dir='ltr'><strong>fide</strong></span> <span class='ocrx_word' id='word_1_214' title='bbox 1549 2754 1610 2813; x_wconf 91' lang='lat' dir='ltr'><strong>et</strong></span> <span class='ocrx_word' id='word_1_215' title='bbox 1657 2748 1977 2812; x_wconf 78' lang='lat' dir='ltr'><strong>charitate.</strong></span> <span class='ocrx_word' id='word_1_216' title='bbox 2022 2783 2109 2796; x_wconf 91' lang='lat'><strong>—-</strong></span> <span class='ocrx_word' id='word_1_217' title='bbox 2151 2747 2512 2829; x_wconf 58' lang='lat' dir='ltr'><strong>„Sanctam-i,</strong></span> <span class='ocrx_word' id='word_1_218' title='bbox 2556 2749 2688 2813; x_wconf 65' lang='lat' dir='ltr'><strong>Deo</strong></span> 
     </span>
     <span class='ocr_line' id='line_1_26' title="bbox 237 2846 2692 2933; baseline 0.001 -22"><span class='ocrx_word' id='word_1_219' title='bbox 237 2846 654 2931; x_wconf 79' lang='lat' dir='ltr'><strong>placentem“,</strong></span> <span class='ocrx_word' id='word_1_220' title='bbox 699 2853 736 2916; x_wconf 90' lang='lat' dir='ltr'><strong>i.</strong></span> <span class='ocrx_word' id='word_1_221' title='bbox 786 2872 834 2916; x_wconf 90' lang='lat' dir='ltr'><strong>e.</strong></span> <span class='ocrx_word' id='word_1_222' title='bbox 885 2851 1440 2917; x_wconf 88' lang='lat' dir='ltr'><strong>incontaminatam</strong></span> <span class='ocrx_word' id='word_1_223' title='bbox 1503 2850 1702 2932; x_wconf 91' lang='lat' dir='ltr'><strong>(omni</strong></span> <span class='ocrx_word' id='word_1_224' title='bbox 1763 2849 1900 2913; x_wconf 89' lang='lat' dir='ltr'><strong>labe</strong></span> <span class='ocrx_word' id='word_1_225' title='bbox 1956 2850 2192 2932; x_wconf 88' lang='lat' dir='ltr'><strong>peccati</strong></span> <span class='ocrx_word' id='word_1_226' title='bbox 2236 2853 2576 2933; x_wconf 76' lang='lat' dir='ltr'><strong>carentem]</strong></span> <span class='ocrx_word' id='word_1_227' title='bbox 2624 2853 2692 2913; x_wconf 73' lang='lat' dir='ltr'><strong>et</strong></span> 
     </span>
     <span class='ocr_line' id='line_1_27' title="bbox 248 2948 2688 3037; baseline -0.001 -23"><span class='ocrx_word' id='word_1_228' title='bbox 248 2970 355 3032; x_wconf 85' lang='lat' dir='ltr'><strong>per</strong></span> <span class='ocrx_word' id='word_1_229' title='bbox 401 2953 528 3018; x_wconf 88' lang='lat' dir='ltr'><strong>hoc</strong></span> <span class='ocrx_word' id='word_1_230' title='bbox 574 2955 706 3018; x_wconf 88' lang='lat' dir='ltr'><strong>Deo</strong></span> <span class='ocrx_word' id='word_1_231' title='bbox 750 2958 998 3037; x_wconf 87' lang='lat' dir='ltr'><strong>gratam</strong></span> <span class='ocrx_word' id='word_1_232' title='bbox 1044 2957 1104 3017; x_wconf 87' lang='lat' dir='ltr'><strong>et</strong></span> <span class='ocrx_word' id='word_1_233' title='bbox 1148 2955 1468 3034; x_wconf 88' lang='lat' dir='ltr'><strong>acceptam</strong></span> <span class='ocrx_word' id='word_1_234' title='bbox 1511 2950 1618 3031; x_wconf 90' lang='lat' dir='ltr'><strong>(cf.</strong></span> <span class='ocrx_word' id='word_1_235' title='bbox 1668 2951 1726 3025; x_wconf 84' lang='lat'><strong>6,</strong></span> <span class='ocrx_word' id='word_1_236' title='bbox 1792 2950 1935 3033; x_wconf 86' lang='lat'><strong>13.).</strong></span> <span class='ocrx_word' id='word_1_237' title='bbox 1993 2986 2059 2995; x_wconf 79' lang='lat'><strong>-</strong></span> <span class='ocrx_word' id='word_1_238' title='bbox 2110 2948 2336 3027; x_wconf 77' lang='lat' dir='ltr'><strong>„Quod</strong></span> <span class='ocrx_word' id='word_1_239' title='bbox 2380 2961 2464 3013; x_wconf 59' lang='lat' dir='ltr'><strong>esf.</strong></span> <span class='ocrx_word' id='word_1_240' title='bbox 2508 2953 2688 3033; x_wconf 49' lang='lat' dir='ltr'><strong>spiri</strong></span> 
     </span>
     <span class='ocr_line' id='line_1_28' title="bbox 250 3051 2692 3137; baseline -0.001 -21"><span class='ocrx_word' id='word_1_241' title='bbox 250 3052 440 3118; x_wconf 76' lang='lat' dir='ltr'><strong>tuazis</strong></span> <span class='ocrx_word' id='word_1_242' title='bbox 484 3054 684 3119; x_wconf 71' lang='lat' dir='ltr'><strong>cultus</strong></span> <span class='ocrx_word' id='word_1_243' title='bbox 724 3063 914 3119; x_wconf 76' lang='lat' dir='ltr'><strong>vester</strong></span> <span class='ocrx_word' id='word_1_244' title='bbox 929 3060 993 3135; x_wconf 83' lang='lat'><strong>,·“</strong></span> <span class='ocrx_word' id='word_1_245' title='bbox 1039 3053 1218 3137; x_wconf 91' lang='lat' dir='ltr'><strong>quasi</strong></span> <span class='ocrx_word' id='word_1_246' title='bbox 1262 3053 1532 3117; x_wconf 87' lang='lat' dir='ltr'><strong>diceret:</strong></span> <span class='ocrx_word' id='word_1_247' title='bbox 1581 3051 1753 3130; x_wconf 82' lang='lat' dir='ltr'><strong>Quae</strong></span> <span class='ocrx_word' id='word_1_248' title='bbox 1810 3067 2130 3133; x_wconf 86' lang='lat' dir='ltr'><strong>corporum</strong></span> <span class='ocrx_word' id='word_1_249' title='bbox 2177 3054 2524 3114; x_wconf 70' lang='lat' dir='ltr'><strong>vestrarum.</strong></span> <span class='ocrx_word' id='word_1_250' title='bbox 2588 3053 2692 3114; x_wconf 78' lang='lat' dir='ltr'><strong>nb-</strong></span> 
     </span>
     <span class='ocr_line' id='line_1_29' title="bbox 251 3151 2688 3239; baseline 0.001 -25"><span class='ocrx_word' id='word_1_251' title='bbox 251 3152 407 3226; x_wconf 87' lang='lat' dir='ltr'><strong>latio</strong></span> <span class='ocrx_word' id='word_1_252' title='bbox 451 3161 550 3221; x_wconf 90' lang='lat' dir='ltr'><strong>est</strong></span> <span class='ocrx_word' id='word_1_253' title='bbox 594 3159 796 3221; x_wconf 89' lang='lat' dir='ltr'><strong>cultus</strong></span> <span class='ocrx_word' id='word_1_254' title='bbox 845 3160 1048 3222; x_wconf 86' lang='lat' dir='ltr'><strong>vester</strong></span> <span class='ocrx_word' id='word_1_255' title='bbox 1093 3154 1446 3239; x_wconf 87' lang='lat' dir='ltr'><strong>spiritualis.</strong></span> <span class='ocrx_word' id='word_1_256' title='bbox 1504 3190 1575 3199; x_wconf 94' lang='lat'>—</span> <span class='ocrx_word' id='word_1_257' title='bbox 1630 3152 1791 3216; x_wconf 90' lang='lat' dir='ltr'><strong>Nam</strong></span> <span class='ocrx_word' id='word_1_258' title='bbox 1838 3151 2025 3216; x_wconf 87' lang='lat' dir='ltr'><strong>verba</strong></span> <span class='ocrx_word' id='word_1_259' title='bbox 2067 3151 2219 3215; x_wconf 91' lang='lat' dir='ltr'><strong>haec</strong></span> <span class='ocrx_word' id='word_1_260' title='bbox 2265 3157 2408 3217; x_wconf 83' lang='lat' dir='ltr'><strong>sunt</strong></span> <span class='ocrx_word' id='word_1_261' title='bbox 2456 3173 2688 3233; x_wconf 76' lang='lat' dir='ltr'><strong>appu-</strong></span> 
     </span>
     <span class='ocr_line' id='line_1_30' title="bbox 253 3253 2692 3343; baseline 0 -26"><span class='ocrx_word' id='word_1_262' title='bbox 253 3256 458 3324; x_wconf 91' lang='lat' dir='ltr'><strong>sitio</strong></span> <span class='ocrx_word' id='word_1_263' title='bbox 531 3261 609 3325; x_wconf 87' lang='lat' dir='ltr'><strong>ad</strong></span> <span class='ocrx_word' id='word_1_264' title='bbox 677 3259 987 3343; x_wconf 88' lang='lat' dir='ltr'><strong>integram</strong></span> <span class='ocrx_word' id='word_1_265' title='bbox 1056 3257 1432 3322; x_wconf 87' lang='lat' dir='ltr'><strong>sententiam</strong></span> <span class='ocrx_word' id='word_1_266' title='bbox 1521 3258 1984 3337; x_wconf 87' lang='lat' dir='ltr'><strong>antegressam,</strong></span> <span class='ocrx_word' id='word_1_267' title='bbox 2070 3254 2134 3316; x_wconf 87' lang='lat' dir='ltr'><strong>et</strong></span> <span class='ocrx_word' id='word_1_268' title='bbox 2200 3253 2540 3317; x_wconf 66' lang='lat' dir='ltr'><strong>accusativi</strong></span> <span class='ocrx_word' id='word_1_269' title='bbox 2608 3257 2692 3317; x_wconf 79' lang='lat' dir='ltr'><strong>ita</strong></span> 
     </span>
     <span class='ocr_line' id='line_1_31' title="bbox 248 3353 2692 3440; baseline 0 -22"><span class='ocrx_word' id='word_1_270' title='bbox 248 3360 473 3426; x_wconf 77' lang='lat' dir='ltr'><strong>resolvi</strong></span> <span class='ocrx_word' id='word_1_271' title='bbox 520 3360 780 3425; x_wconf 71' lang='lat' dir='ltr'><strong>debent:</strong></span> <span class='ocrx_word' id='word_1_272' title='bbox 842 3361 970 3439; x_wconf 80' lang='grc' dir='ltr'><strong><em>ἠτις</em></strong></span> <span class='ocrx_word' id='word_1_273' title='bbox 1014 3362 1133 3420; x_wconf 76' lang='grc' dir='ltr'><strong><em>ἐστι</em></strong></span> <span class='ocrx_word' id='word_1_274' title='bbox 1193 3358 1233 3440; x_wconf 83' lang='grc' dir='ltr'><em>ἠ</em></span> <span class='ocrx_word' id='word_1_275' title='bbox 1288 3356 1487 3439; x_wconf 72' lang='grc' dir='ltr'><em>λογικῇ</em></span> <span class='ocrx_word' id='word_1_276' title='bbox 1553 3358 1784 3437; x_wconf 82' lang='grc' dir='ltr'><strong><em>λατρεία</em></strong></span> <span class='ocrx_word' id='word_1_277' title='bbox 1843 3353 2022 3434; x_wconf 70' lang='grc' dir='ltr'><strong><em>ὐμῶν.</em></strong></span> <span class='ocrx_word' id='word_1_278' title='bbox 2095 3390 2165 3399; x_wconf 90' lang='lat'><strong>--</strong></span> <span class='ocrx_word' id='word_1_279' title='bbox 2236 3353 2460 3435; x_wconf 60' lang='grc' dir='ltr'><strong>λογικῇ,</strong></span> <span class='ocrx_word' id='word_1_280' title='bbox 2508 3357 2692 3417; x_wconf 64' lang='lat' dir='ltr'><strong>ratis}-</strong></span> 
     </span>
     <span class='ocr_line' id='line_1_32' title="bbox 252 3457 2688 3544; baseline 0 -23"><span class='ocrx_word' id='word_1_281' title='bbox 252 3460 428 3539; x_wconf 88' lang='lat' dir='ltr'><strong>nalis,</strong></span> <span class='ocrx_word' id='word_1_282' title='bbox 480 3462 1008 3544; x_wconf 86' lang='lat' dir='ltr'><strong>spiritualis,</strong></span> <span class='ocrx_word' id='word_1_283' title='bbox 1055 3461 1161 3543; x_wconf 90' lang='lat' dir='ltr'><strong>qui</strong></span> <span class='ocrx_word' id='word_1_284' title='bbox 1207 3461 1463 3544; x_wconf 68' lang='lat' dir='ltr'><strong>multus)</strong></span> <span class='ocrx_word' id='word_1_285' title='bbox 1521 3460 1584 3524; x_wconf 92' lang='lat' dir='ltr'><strong>in</strong></span> <span class='ocrx_word' id='word_1_286' title='bbox 1633 3460 1842 3522; x_wconf 89' lang='lat' dir='ltr'><strong>mente</strong></span> <span class='ocrx_word' id='word_1_287' title='bbox 1888 3460 1951 3521; x_wconf 92' lang='lat' dir='ltr'><strong>et</strong></span> <span class='ocrx_word' id='word_1_288' title='bbox 1994 3458 2204 3521; x_wconf 90' lang='lat' dir='ltr'><strong>animo</strong></span> <span class='ocrx_word' id='word_1_289' title='bbox 2264 3457 2424 3521; x_wconf 75' lang='lat' dir='ltr'><strong>situs</strong></span> <span class='ocrx_word' id='word_1_290' title='bbox 2472 3461 2564 3521; x_wconf 77' lang='lat' dir='ltr'><strong>est</strong></span> <span class='ocrx_word' id='word_1_291' title='bbox 2612 3457 2688 3521; x_wconf 78' lang='lat' dir='ltr'><strong>ad</strong></span> 
     </span>
     <span class='ocr_line' id='line_1_33' title="bbox 254 3557 2688 3643; baseline 0 -22"><span class='ocrx_word' id='word_1_292' title='bbox 254 3558 667 3628; x_wconf 86' lang='lat' dir='ltr'><strong>differentiam</strong></span> <span class='ocrx_word' id='word_1_293' title='bbox 751 3563 953 3630; x_wconf 89' lang='lat' dir='ltr'><strong>cultus</strong></span> <span class='ocrx_word' id='word_1_294' title='bbox 1035 3562 1266 3626; x_wconf 69' lang='lat' dir='ltr'><strong>externi</strong></span> <span class='ocrx_word' id='word_1_295' title='bbox 1349 3565 1534 3643; x_wconf 89' lang='lat' dir='ltr'><strong>atque</strong></span> <span class='ocrx_word' id='word_1_296' title='bbox 1615 3561 1888 3643; x_wconf 88' lang='lat' dir='ltr'><strong>corporei</strong></span> <span class='ocrx_word' id='word_1_297' title='bbox 1955 3559 1999 3625; x_wconf 88' lang='lat' dir='ltr'>J</span> <span class='ocrx_word' id='word_1_298' title='bbox 2004 3559 2356 3624; x_wconf 88' lang='lat' dir='ltr'><strong>udaeorum.</strong></span> <span class='ocrx_word' id='word_1_299' title='bbox 2452 3557 2688 3621; x_wconf 66' lang='lat' dir='ltr'><strong>Vocem</strong></span> 
     </span>
     <span class='ocr_line' id='line_1_34' title="bbox 257 3658 2688 3746; baseline -0 -25"><span class='ocrx_word' id='word_1_300' title='bbox 257 3658 506 3743; x_wconf 75' lang='grc' dir='ltr'><em>λατρεία,</em></span> <span class='ocrx_word' id='word_1_301' title='bbox 571 3665 878 3741; x_wconf 78' lang='lat' dir='ltr'><strong>cultuS,</strong></span> <span class='ocrx_word' id='word_1_302' title='bbox 941 3663 1249 3746; x_wconf 87' lang='lat' dir='ltr'><strong>Vulgatae</strong></span> <span class='ocrx_word' id='word_1_303' title='bbox 1294 3666 1510 3726; x_wconf 89' lang='lat' dir='ltr'><strong>auctor</strong></span> <span class='ocrx_word' id='word_1_304' title='bbox 1557 3661 1743 3726; x_wconf 89' lang='lat' dir='ltr'><strong>vertit</strong></span> <span class='ocrx_word' id='word_1_305' title='bbox 1785 3662 1845 3724; x_wconf 92' lang='lat' dir='ltr'><strong>h.</strong></span> <span class='ocrx_word' id='word_1_306' title='bbox 1894 3661 1934 3724; x_wconf 94' lang='lat' dir='ltr'><strong>l.</strong></span> <span class='ocrx_word' id='word_1_307' title='bbox 1982 3660 2072 3744; x_wconf 89' lang='lat' dir='ltr'><strong>(et</strong></span> <span class='ocrx_word' id='word_1_308' title='bbox 2115 3660 2175 3737; x_wconf 82' lang='lat'><strong>9,</strong></span> <span class='ocrx_word' id='word_1_309' title='bbox 2221 3659 2311 3743; x_wconf 91' lang='grc'><strong>4.)</strong></span> <span class='ocrx_word' id='word_1_310' title='bbox 2356 3681 2496 3741; x_wconf 72' lang='lat' dir='ltr'><strong>per:</strong></span> <span class='ocrx_word' id='word_1_311' title='bbox 2560 3661 2688 3721; x_wconf 79' lang='lat' dir='ltr'><strong>ub-</strong></span> 
     </span>
     <span class='ocr_line' id='line_1_35' title="bbox 255 3760 2684 3847; baseline -0.002 -21"><span class='ocrx_word' id='word_1_312' title='bbox 255 3767 640 3847; x_wconf 88' lang='lat' dir='ltr'><strong>sequium.</strong></span> <span class='ocrx_word' id='word_1_313' title='bbox 735 3766 1017 3829; x_wconf 84' lang='lat' dir='ltr'><strong>Estius</strong></span> <span class='ocrx_word' id='word_1_314' title='bbox 1089 3768 1286 3847; x_wconf 87' lang='lat' dir='ltr'><strong>putat,</strong></span> <span class='ocrx_word' id='word_1_315' title='bbox 1357 3781 1426 3827; x_wconf 88' lang='lat' dir='ltr'><strong>eo</strong></span> <span class='ocrx_word' id='word_1_316' title='bbox 1493 3767 1809 3845; x_wconf 57' lang='lat' dir='ltr'><strong>temporeff,</strong></span> <span class='ocrx_word' id='word_1_317' title='bbox 1876 3780 1991 3843; x_wconf 91' lang='lat' dir='ltr'><strong>quo</strong></span> <span class='ocrx_word' id='word_1_318' title='bbox 2055 3760 2329 3843; x_wconf 84' lang='lat' dir='ltr'><strong>Vulgata</strong></span> <span class='ocrx_word' id='word_1_319' title='bbox 2396 3761 2684 3825; x_wconf 72' lang='lat' dir='ltr'><strong>confinie-</strong></span> 
     </span>
     <span class='ocr_line' id='line_1_36' title="bbox 256 3860 2684 3947; baseline 0 -22"><span class='ocrx_word' id='word_1_320' title='bbox 256 3861 454 3944; x_wconf 89' lang='lat' dir='ltr'><strong>batur,</strong></span> <span class='ocrx_word' id='word_1_321' title='bbox 500 3887 644 3932; x_wconf 88' lang='lat' dir='ltr'><strong>eum</strong></span> <span class='ocrx_word' id='word_1_322' title='bbox 689 3867 882 3931; x_wconf 85' lang='lat' dir='ltr'><strong>fuisse</strong></span> <span class='ocrx_word' id='word_1_323' title='bbox 925 3884 1108 3930; x_wconf 90' lang='lat' dir='ltr'><strong>usum</strong></span> <span class='ocrx_word' id='word_1_324' title='bbox 1155 3865 1466 3947; x_wconf 88' lang='lat' dir='ltr'><strong>loquendi,</strong></span> <span class='ocrx_word' id='word_1_325' title='bbox 1514 3866 1585 3925; x_wconf 91' lang='lat' dir='ltr'><strong>ut</strong></span> <span class='ocrx_word' id='word_1_326' title='bbox 1629 3862 2120 3945; x_wconf 90' lang='lat' dir='ltr'><strong>obsequium</strong></span> <span class='ocrx_word' id='word_1_327' title='bbox 2166 3860 2356 3925; x_wconf 88' lang='lat' dir='ltr'><strong>etiam</strong></span> <span class='ocrx_word' id='word_1_328' title='bbox 2392 3861 2468 3925; x_wconf 70' lang='lat' dir='ltr'><strong>da</strong></span> <span class='ocrx_word' id='word_1_329' title='bbox 2512 3865 2684 3925; x_wconf 76' lang='lat' dir='ltr'><strong>uultu</strong></span> 
     </span>
     <span class='ocr_line' id='line_1_37' title="bbox 257 3966 906 4050; baseline 0.014 -25"><span class='ocrx_word' id='word_1_330' title='bbox 257 3966 536 4050; x_wconf 87' lang='lat' dir='ltr'><strong>religioso</strong></span> <span class='ocrx_word' id='word_1_331' title='bbox 581 3969 906 4034; x_wconf 83' lang='lat' dir='ltr'><strong>diceretur.</strong></span> 
     </span>
    </p>

    <p class='ocr_par' dir='ltr' id='par_1_4' title="bbox 255 4062 2684 4555">
     <span class='ocr_line' id='line_1_38' title="bbox 455 4062 2684 4153; baseline -0.006 -19"><span class='ocrx_word' id='word_1_332' title='bbox 455 4069 531 4134; x_wconf 91' lang='lat' dir='ltr'><strong>V.</strong></span> <span class='ocrx_word' id='word_1_333' title='bbox 577 4070 636 4134; x_wconf 82' lang='lat'><strong>2.</strong></span> <span class='ocrx_word' id='word_1_334' title='bbox 685 4069 811 4148; x_wconf 65' lang='lat' dir='ltr'><strong>„Et</strong></span> <span class='ocrx_word' id='word_1_335' title='bbox 854 4091 928 4132; x_wconf 82' lang='lat' dir='ltr'><strong>ne</strong></span> <span class='ocrx_word' id='word_1_336' title='bbox 986 4067 1364 4153; x_wconf 78' lang='lat' dir='ltr'><strong>conformate</strong></span> <span class='ocrx_word' id='word_1_337' title='bbox 1423 4086 1530 4129; x_wconf 79' lang='grc' dir='ltr'><strong>υοε</strong></span> <span class='ocrx_word' id='word_1_338' title='bbox 1583 4065 1721 4129; x_wconf 77' lang='lat' dir='ltr'><strong>huic</strong></span> <span class='ocrx_word' id='word_1_339' title='bbox 1782 4063 2041 4140; x_wconf 80' lang='lat' dir='ltr'><strong>saecule,</strong></span> <span class='ocrx_word' id='word_1_340' title='bbox 2100 4062 2532 4146; x_wconf 53' lang='lat' dir='ltr'><strong>transfigurata</strong></span> <span class='ocrx_word' id='word_1_341' title='bbox 2584 4085 2684 4125; x_wconf 66' lang='lat' dir='ltr'><strong>uus</strong></span> 
     </span>
     <span class='ocr_line' id='line_1_39' title="bbox 257 4165 2680 4250; baseline -0.001 -23"><span class='ocrx_word' id='word_1_342' title='bbox 257 4172 634 4234; x_wconf 76' lang='lat' dir='ltr'><strong>renovatione</strong></span> <span class='ocrx_word' id='word_1_343' title='bbox 674 4171 891 4234; x_wconf 74' lang='lat' dir='ltr'><strong>mentis</strong></span> <span class='ocrx_word' id='word_1_344' title='bbox 933 4174 1228 4233; x_wconf 77' lang='lat' dir='ltr'><strong>vestrae.“</strong></span> <span class='ocrx_word' id='word_1_345' title='bbox 1317 4168 1481 4231; x_wconf 92' lang='lat' dir='ltr'><strong>Dum</strong></span> <span class='ocrx_word' id='word_1_346' title='bbox 1527 4166 1801 4250; x_wconf 88' lang='lat' dir='ltr'><strong>Vulgata</strong></span> <span class='ocrx_word' id='word_1_347' title='bbox 1844 4169 1907 4229; x_wconf 87' lang='lat' dir='ltr'><strong>et</strong></span> <span class='ocrx_word' id='word_1_348' title='bbox 1951 4167 2155 4228; x_wconf 83' lang='lat' dir='ltr'><strong>textus</strong></span> <span class='ocrx_word' id='word_1_349' title='bbox 2199 4169 2480 4245; x_wconf 78' lang='lat' dir='ltr'><strong>receptus</strong></span> <span class='ocrx_word' id='word_1_350' title='bbox 2532 4165 2592 4225; x_wconf 81' lang='lat' dir='ltr'><strong>h.</strong></span> <span class='ocrx_word' id='word_1_351' title='bbox 2636 4165 2680 4225; x_wconf 86' lang='lat' dir='ltr'><strong>l.</strong></span> 
     </span>
     <span class='ocr_line' id='line_1_40' title="bbox 255 4265 2684 4355; baseline -0.002 -26"><span class='ocrx_word' id='word_1_352' title='bbox 255 4265 400 4351; x_wconf 74' lang='lat' dir='ltr'><strong>legit</strong></span> <span class='ocrx_word' id='word_1_353' title='bbox 441 4272 1012 4355; x_wconf 78' lang='lat' dir='ltr'><strong>imperativosz</strong></span> <span class='ocrx_word' id='word_1_354' title='bbox 1057 4266 1564 4352; x_wconf 76' lang='grc' dir='ltr'><strong><em>συσχηματίζεσθε</em></strong></span> <span class='ocrx_word' id='word_1_355' title='bbox 1609 4271 1673 4331; x_wconf 82' lang='lat' dir='ltr'><strong>et</strong></span> <span class='ocrx_word' id='word_1_356' title='bbox 1714 4267 2235 4348; x_wconf 79' lang='grc' dir='ltr'><em>μεταμορφοῦσθε,</em></span> <span class='ocrx_word' id='word_1_357' title='bbox 2300 4265 2408 4329; x_wconf 68' lang='lat' dir='ltr'><strong>alii.</strong></span> <span class='ocrx_word' id='word_1_358' title='bbox 2448 4265 2684 4345; x_wconf 40' lang='lat' dir='ltr'><strong>*legunt</strong></span> 
     </span>
     <span class='ocr_line' id='line_1_41' title="bbox 257 4364 2680 4450; baseline -0.004 -17"><span class='ocrx_word' id='word_1_359' title='bbox 257 4365 781 4450; x_wconf 86' lang='lat' dir='ltr'><strong>infinitivos,</strong></span> <span class='ocrx_word' id='word_1_360' title='bbox 831 4391 1017 4436; x_wconf 89' lang='lat' dir='ltr'><strong>sensu</strong></span> <span class='ocrx_word' id='word_1_361' title='bbox 1062 4391 1181 4435; x_wconf 89' lang='lat' dir='ltr'><strong>nou</strong></span> <span class='ocrx_word' id='word_1_362' title='bbox 1229 4371 1488 4435; x_wconf 86' lang='lat' dir='ltr'><strong>diverso.</strong></span> <span class='ocrx_word' id='word_1_363' title='bbox 1573 4369 1790 4434; x_wconf 84' lang='lat' dir='ltr'><strong>Stante</strong></span> <span class='ocrx_word' id='word_1_364' title='bbox 1837 4367 2034 4432; x_wconf 88' lang='lat' dir='ltr'><strong>altera</strong></span> <span class='ocrx_word' id='word_1_365' title='bbox 2077 4364 2340 4431; x_wconf 85' lang='lat' dir='ltr'><strong>lectione</strong></span> <span class='ocrx_word' id='word_1_366' title='bbox 2392 4365 2680 4429; x_wconf 65' lang='lat' dir='ltr'><strong>infinitivi</strong></span> 
     </span>
     <span class='ocr_line' id='line_1_42' title="bbox 259 4465 2676 4555; baseline -0.004 -21"><span class='ocrx_word' id='word_1_367' title='bbox 259 4466 357 4533; x_wconf 69' lang='lat' dir='ltr'><strong>isti</strong></span> <span class='ocrx_word' id='word_1_368' title='bbox 397 4473 932 4555; x_wconf 72' lang='lat' dir='ltr'><strong>pendentaverbo</strong></span> <span class='ocrx_word' id='word_1_369' title='bbox 978 4489 1339 4555; x_wconf 78' lang='lat' dir='ltr'><strong>praegresso</strong></span> <span class='ocrx_word' id='word_1_370' title='bbox 1384 4467 1709 4551; x_wconf 77' lang='grc' dir='ltr'><em>παρακάλω</em></span> <span class='ocrx_word' id='word_1_371' title='bbox 1757 4468 1982 4552; x_wconf 83' lang='lat' dir='ltr'><strong>(v.1.).</strong></span> <span class='ocrx_word' id='word_1_372' title='bbox 2014 4504 2081 4516; x_wconf 90' lang='grc'><strong>--</strong></span> <span class='ocrx_word' id='word_1_373' title='bbox 2124 4465 2676 4547; x_wconf 60' lang='grc' dir='ltr'><strong>συσχημωτέζῡετθῑει</strong></span> 
     </span>
    </p>
   </div>
  </div>
 </body>
</html>
