3234 4992
1313 229 1423 282 cap.
1449 230 1528 272 rx.
1553 241 1600 272 v.
1629 214 1717 271 u(
1820 199 1824 203 ’
2598 234 2717 301 157

286 432 422 480 esse
484 414 732 480 deberet
788 416 1459 501 reprobatorum;
1521 420 1584 482 et
1639 417 1801 482 sicut
1860 416 1949 482 illi
2014 416 2257 482 dicendi
2318 416 2444 483 sint
2500 419 2726 486 abso-

283 516 465 581 luto
535 517 779 582 decreto
859 518 938 584 ad
1016 518 1439 585 aeternam
1520 519 1877 603 gloriam
1958 519 2285 598 destinati,
2356 520 2449 586 ita
2526 525 2588 586 et
2656 523 2724 588 hi

283 618 568 683 vicissim
617 618 865 684 dicendi
925 624 1105 685 erunt
1162 622 1555 686 absoluto
1616 619 1858 685 decreto
1920 620 1999 685 ad
2058 624 2377 687 aeternam
2426 623 2724 689 destinati

286 718 935 784 damnationem.
1025 720 1191 786 Nam
1237 722 1345 787 illa
1388 722 1577 787 verba
1637 718 1718 805 (v.
1786 721 1951 805 11.):
2014 720 2215 804 „Cum
2280 723 2553 789 nondum
2596 725 2727 789 nati

287 824 514 899 essent,
581 825 690 887 aut
750 823 986 906 aliquid
1042 822 1190 888 boni
1249 823 1523 906 egissent
1584 825 1693 887 aut
1750 822 1961 900 mali“,
2025 823 2244 888 eodem
2284 823 2422 907 jure
2467 824 2597 889 tam
2644 826 2723 889 ad

286 920 684 990 Jacobum
730 926 1060 1007 pertinent,
1107 942 1293 1006 quam
1355 926 1434 989 ad
1493 925 1736 1001 Esau5
1792 927 1857 987 et
1917 923 2001 988 siz
2063 923 2457 1007 diligere,
2523 926 2724 990 esset:

286 1022 367 1086 ad
436 1025 753 1090 aeternam
822 1026 1282 1109 praedestinare
1339 1026 1624 1110 gloriam,
1687 1025 1902 1108 utique
1970 1025 2046 1090 ob
2106 1023 2484 1089 antithesin:
2548 1026 2722 1091 odio

285 1122 594 1188 habere
637 1125 804 1192 idem
851 1145 987 1191 esse
1034 1126 1287 1191 deberet
1330 1145 1435 1192 ac:
1481 1127 1573 1191 ad
1619 1129 2040 1191 aeternam
2086 1125 2722 1208 praedestinare

286 1224 937 1305 damnationem,
994 1227 1199 1311 prouti
1241 1228 1433 1293 verba
1485 1227 1643 1293 haec
1689 1226 2244 1305 Calvinistae,
2291 1226 2722 1295 Praedestina-

286 1327 505 1390 torum
549 1326 833 1392 haeresin
891 1329 1110 1408 secuti,
1170 1329 1674 1412 interpretantur,
1738 1329 2002 1411 indeque
2066 1327 2306 1406 docent,
2354 1328 2554 1395 Deum
2602 1331 2722 1395 ab—

287 1427 563 1491 soluto
609 1427 874 1506 decreto,
918 1448 991 1493 ex
1035 1428 1165 1495 solo
1210 1447 1319 1494 suo
1365 1429 1772 1512 beneplacito,
1831 1430 1965 1494 sine
2022 1429 2153 1494 ulla
2195 1430 2430 1511 praevii
2474 1431 2718 1511 peceati

285 1526 700 1610 praevisione,
746 1529 1026 1616 homines
1069 1533 1235 1595 certo
1280 1549 1536 1595 numero
1581 1530 1885 1613 quosdam
1929 1530 2295 1613 positive
2337 1535 2718 1615 reprobasse,

289 1646 403 1693 seu
451 1629 532 1694 ad
561 1633 894 1718 ‘aeternam
939 1619 1437 1715 praedestinasse
1499 1632 1987 1709 damnationem,
2048 1649 2237 1714 quam
2280 1632 2718 1715 blasphemam

291 1730 645 1796 doctrinam
715 1732 982 1797 ecclesia
1046 1734 1381 1798 damnavit.
1448 1769 1535 1795 ,--
1597 1733 1914 1797 Errant·
1947 1750 2131 1831 porro
2189 1734 2554 1816 generatim,
2618 1735 2722 1815 qni

289 1830 486 1896 verba
530 1832 642 1897 illa
686 1832 768 1918 (v.
819 1834 946 1919 11.)
1009 1836 1089 1899 ad
1147 1838 1462 1900 aeternam
1521 1827 2382 1917 praedestinationem
2426 1835 2718 1899 referunt.

290 1932 464 1998 Nam
504 1933 1035 2016 beneficium,
1097 1938 1176 2001 ad
1235 1938 1397 2021 quod
1457 1937 1730 2021 gratuito
1775 1936 2093 2001 electus
2140 1952 2278 1999 esse
2324 1934 2546 2000 dicitur
2590 1935 2722 1999 Ja—

290 2034 545 2100 cobus
614 2038 677 2099 et
740 2054 893 2102 non
958 2038 1194 2103 electus
1261 2038 1502 2117 Ill-san,
1565 2041 1661 2102 est
1724 2036 1996 2119 quidem,
2059 2035 2154 2100 uti
2216 2039 2384 2100 recte
2440 2037 2722 2103 observat

289 2134 760 2218 Franzelin,
820 2139 1185 2205 immediate
1229 2140 1704 2205 oeconomia
1746 2138 2101 2217 externa,
2151 2138 2221 2203 ut
2264 2136 2558 2202 nimirum
2606 2135 2718 2203 Ja-

292 2239 490 2304 cobus
537 2243 701 2304 esset
745 2240 1112 2323 patriarcha,
1168 2244 1346 2324 pater
1389 2240 1571 2305 electi
1630 2240 1845 2324 populi
1889 2237 1964 2303 V.
2010 2238 2104 2318 T„
2152 2255 2275 2303 non
2322 2240 2530 2303 autem
2578 2259 2670 2319 ps
2694 2259 2722 2303 1·

292 2359 374 2405 se
421 2340 626 2423 gratia
667 2343 986 2425 pertinens
1046 2343 1126 2408 ad
1183 2341 2003 2419 sanctificationem,
2068 2339 2267 2404 multo
2327 2357 2466 2403 vero
2517 2339 2722 2403 minus

291 2440 470 2506 vita
516 2442 875 2508 aeterna.
964 2443 1040 2507 Id
1098 2445 1340 2509 constat
1401 2454 1473 2507 ex
1530 2441 1737 2506 verbis
1796 2441 1981 2525 ipsis,
2042 2440 2267 2524 quibus
2328 2439 2726 2504 manifestata

293 2546 393 2610 est
439 2543 691 2608 electio:
737 2542 1005 2627 Major
1050 2544 1371 2609 serviet
1423 2543 1755 2619 minori3
1803 2546 1980 2607 etex
2023 2543 2286 2620 modo,
2333 2559 2450 2625 quo
2494 2543 2722 2607 Paulus

291 2644 358 2707 in
402 2644 631 2726 populo
676 2647 953 2728 utroque,
997 2645 1300 2710 Israelitis
1325 2648 1386 2708 et
1411 2644 1745 2722 Idumaeis,
1792 2643 2274 2727 praedictionem
2308 2642 2666 2708 historic
2690 2663 2722 2707 e

293 2746 786 2828 completam
846 2765 980 2811 esse
1051 2745 1323 2811 ostendit
1374 2744 1581 2810 verbis
1643 2744 2145 2809 Malachiae:
2222 2743 2458 2827 „Jacob
2518 2743 2722 2819 dilexi,

294 2847 463 2912 Esau
531 2850 742 2913 autem
810 2848 947 2913 odio
1026 2848 1277 2912 habui“.
1369 2845 1479 2911 Uti
1557 2866 1630 2909 ex
1697 2862 1936 2929 scopo
2003 2847 2065 2909 et
2130 2846 2263 2909 toto
2328 2847 2722 2908 contextu

295 2935 492 3033 patet,
555 2950 873 3033 apostolus
932 2949 1322 3015 solummodo
1379 2949 1577 3026 docet,
1640 2948 1800 3011 sicut
1859 2946 2081 3012 electio
2124 2945 2168 3010 J
2172 2945 2345 3009 acobi
2404 2951 2466 3009 et
2510 2951 2718 3027 puste-

293 3069 509 3115 rorum
554 3051 688 3134 ejus
735 3050 800 3114 in
841 3051 1142 3138 populum
1188 3050 1476 3129 electum,
1523 3048 1656 3113 Deo
1700 3049 2096 3132 peculiarem,
2151 3046 2321 3111 facta
2364 3047 2462 3110 est
2506 3067 2722 3111 mera

291 3153 676 3237 gratuita
719 3153 1158 3218 voluntate
1203 3152 1336 3230 Dei,
1394 3151 1487 3215 ita
1547 3150 1740 3214 etiam
1800 3149 2017 3214 electio
2072 3150 2150 3214 ad
2194 3165 2421 3214 novam
2466 3167 2722 3211 oenone-

294 3254 516 3332 miam,
562 3254 640 3319 ad
684 3254 978 3336 populum
1026 3252 1143 3318 Dei
1185 3252 1267 3317 N.
1312 3252 1382 3317 Τ.
1431 3255 1494 3316 et
1539 3251 1619 3314 ad
1662 3250 1825 3316 bona
1868 3251 1926 3314 ei
1970 3250 2293 3333 promissa,
2349 3251 2718 3314 nominatim

294 3357 376 3421 ad
411 3356 949 3439 justificationem,
995 3374 1118 3420 non
1161 3355 1258 3419 est
1300 3353 1583 3419 debitum
1617 3351 1838 3435 juris
1895 3352 2157 3416 carnalis
2200 3351 2617 3434 generationis
2662 3355 2722 3415 et

294 3474 556 3540 operum
614 3457 1048 3533 humanorum,
1117 3456 1227 3520 sed
1284 3454 1750 3538 gratuitum
1809 3452 2450 3535 supernaturale
2494 3451 2722 3515 bene—

292 3558 628 3638 ficium,
674 3558 834 3640 quod
880 3558 1046 3622 Deus
1106 3556 1242 3622 vult
1296 3555 1573 3621 conferre
1630 3574 1741 3639 per
1796 3554 1982 3619 fidem
2029 3553 2073 3618 J
2078 3571 2189 3618 esu
2230 3550 2482 3631 Christi,
2530 3571 2566 3615 a
2610 3571 2722 3635 quo

290 3659 593 3724 beneficio
661 3659 868 3724 autem
937 3658 1274 3725 maximam
1349 3659 1588 3739 partem
1658 3656 1982 3721 Israelitae
2049 3655 2278 3720 exclusi
2345 3659 2510 3732 sunt,
2582 3655 2726 3735 quia

291 3760 485 3827 fidem
533 3759 766 3825 Christi
813 3760 1126 3843 suscipere
1169 3760 1514 3824 noluerunt.
1548 3757 1594 3839 ¹)

502 3862 576 3927 V.
628 3862 723 3927 14.
772 3860 988 3941 „Quid
1031 3861 1220 3946 ἐρίων
1262 3858 1572 3923 dicemus?
1622 3859 1792 3923 Num
1834 3858 2093 3947 injustia
2137 3857 2205 3920 in
2247 3856 2383 3936 Deo
2401 3855 2470 3919 2²³
2534 3855 2722 3919 Hisce

290 3962 562 4029 occurrit
631 3962 1128 4046 objectioni,
1197 3979 1350 4045 quae
1435 3962 1649 4025 contra
1713 3959 1830 4023 Dei
1889 3958 2322 4043 justitiam
2407 3959 2482 4022 oh
2566 3959 2726 4023 hanc

292 4065 428 4129 sine
497 4064 719 4129 merito
787 4062 1151 4129 electionem
1215 4062 1347 4126 fieri
1411 4062 1640 4144 potest,
1708 4060 1886 4142 quasi
1952 4060 2215 4125 diceret:
2286 4058 2372 4139 Si,
2421 4059 2718 4142 quemad-

290 4165 551 4230 modum
596 4165 764 4229 Deus
807 4165 1190 4230 Isaacum
1251 4162 1390 4228 aliis
1451 4160 1599 4225 filiis
1646 4158 1934 4257 Abrahae
1994 4160 2057 4224 et
2098 4161 2142 4227 J
2160 4160 2502 4226 acobum
2550 4159 2726 4223 fratri

288 4482 314 4537 1
367 4482 437 4539 lo
516 4397 550 4468 ¹)
588 4396 671 4455 Cf.
705 4398 923 4467 Beelen‚
961 4397 1157 4455 Adalb.
1193 4397 1377 4465 Maier,
1413 4396 1650 4465 Reischl,
1689 4395 1876 4450 Petav.
1913 4393 1980 4448 de
2014 4392 2402 4462 praedestinat.
2436 4392 2474 4447 1.
2510 4395 2554 4447 5.
2598 4407 2638 4443 c.
2674 4391 2726 4443 Ε.

315 4524 328 4537 .
439 4524 450 4537 .
489 4496 536 4537 c.
573 4483 624 4540 1.
