3234 4992
482 277 570 344 24
1527 275 1638 328 Gap.
1666 279 1703 319 1.
1730 289 1775 319 v.
1806 278 1867 319 17.

488 480 599 526 seu
643 459 1005 526 manifestat
1049 461 1290 540 viam,
1355 480 1510 544 quae
1555 463 1634 528 ad
1702 462 1968 527 salutem
2013 461 2220 539 ducit3
2288 463 2459 527 addit
2502 463 2647 527 Dei
2712 463 2913 548 (θεοῦ,

491 561 805 644 genitivus
863 561 1268 646 originis),
1338 562 1480 645 quia
1523 562 1727 627 Deum
1792 563 1985 627 habet
2049 566 2402 639 auctorem3
2472 583 2580 629 seu
2625 565 2768 646 quia
2814 565 2915 630 est

486 663 704 741 virtus,
754 682 875 747 qua
916 663 1050 746 ipse
1096 663 1266 728 Deus
1311 667 1615 746 operatur.
1669 701 1747 712 «-
1794 664 1915 729 Per
1957 667 2251 745 σωτηρίαν
2318 664 2616 748 intelligit
2677 665 2915 731 Paulus

491 781 744 827 omnem
789 783 899 846 per
943 763 1262 830 Christum
1307 765 1485 830 nobis
1533 771 1815 850 paratam
1871 787 1899 831 s
1921 766 2261 843 alutem,
2308 785 2465 850 quae
2509 766 2626 834 hac
2670 766 2735 830 in
2778 766 2913 832 vita

489 863 814 928 inchoatur
854 866 919 928 in
955 865 1401 948 justificatione
1429 869 1492 930 et
1516 867 2025 948 sanctificatione,
2071 867 2137 932 in
2159 868 2354 932 altera
2376 870 2589 932 autem
2611 866 2917 933 beatitate

487 967 737 1029 aeterna
781 965 1115 1048 perficitur.
1171 1005 1247 1012 —-
1294 965 1585 1046 „Judaeo
1615 969 1893 1053 fflmum
1927 976 1983 1030 et
2025 965 2326 1047 Graeco‘ss
2379 968 2414 1031 i.
2441 987 2492 1032 e.
2518 965 2777 1034 ‚Iudaeis
2803 984 2913 1050 po-

492 1065 813 1130 tissimum
859 1068 922 1131 et
963 1067 1322 1150 gentilibus.
1377 1105 1450 1114 —

684 1166 1023 1233 Distribuit
1066 1169 1386 1252 apostolus
1435 1172 1637 1234 totam
1681 1169 2008 1235 hominum
2051 1171 2523 1235 universitatem
2588 1169 2904 1253 bipartite,

487 1266 553 1331 in
597 1266 872 1333 Judaeos
919 1272 982 1332 et
1039 1270 1321 1352 gentiles.
1373 1305 1452 1317 —
1499 1275 1754 1353 πρῶτον,
1814 1271 1859 1337 J
1880 1272 2157 1337 udaeo
2224 1271 2637 1354 primum,
2704 1273 2916 1353 potest

485 1367 706 1433 bifarie
770 1369 1077 1453 intelligi3
1145 1372 1284 1436 vel:
1359 1373 1580 1455 prim
1609 1393 1652 1436 u
1680 1392 1745 1437 m
1809 1371 2049 1438 Judaeo
2074 1421 2089 1450 ,
2167 1372 2311 1455 quia
2387 1371 2557 1455 prius
2635 1374 2919 1454 tempore

491 1470 938 1534 annunciatum
983 1474 1081 1535 est
1125 1473 1519 1556 evangelium
1563 1473 1608 1539 J
1609 1473 1844 1550 udaei8‚
1904 1489 2092 1556 quam
2136 1472 2510 1556 gentilibus;
2556 1472 2655 1537 vel
2698 1475 2913 1537 autem

492 1574 728 1649 πρῶτον
775 1571 1099 1656 (primum)
1146 1574 1242 1638 est
1284 1574 1452 1639 idem
1496 1594 1600 1640 ac:
1646 1575 2207 1659 potissimum,
2267 1593 2338 1638 ac
2384 1574 2437 1639 si
2482 1574 2714 1639 diceret
2758 1592 2910 1657 apo-
3018 1561 3027 1572 ⁴

491 1673 724 1736 stolus:
791 1672 1047 1739 Judaeis
1093 1675 1512 1758 potissimum,
1581 1677 1727 1759 quia
1770 1677 2098 1760 promissio
2146 1675 2367 1740 salutis
2412 1694 2523 1758 per
2587 1673 2910 1740 Christum

489 1774 745 1851 dandae,
792 1791 914 1838 non
957 1775 1314 1861 gentilibuS,
1363 1778 1473 1842 sed
1515 1777 1774 1843 ‚Iudaeis
1820 1777 1989 1842 facta
2032 1780 2182 1842 erat.
2260 1775 2601 1858 Explicatio
2647 1776 2917 1840 altera

488 1874 568 1939 ob
614 1872 736 1938 alia
778 1874 915 1940 loca
959 1874 1036 1958 (c.
1064 1877 1120 1940 3.
1148 1876 1205 1941 9.
1245 1878 1340 1941 11.
1378 1877 1523 1962 15.),
1568 1879 1635 1941 in
1680 1878 1903 1960 quibus
1951 1879 2023 1942 de
2048 1878 2432 1944 Judaeorum
2485 1877 2918 1960 praerogativa

492 1977 716 2058 agitur,
764 1974 1165 2059 praeferenda
1207 1981 1325 2043 est.
1375 2016 1458 2026 —
1504 1979 1687 2059 ἑλλην,
1733 1977 2037 2043 Graecu
2057 1997 2125 2054 s;
2172 1978 2287 2043 sub
2324 1979 2441 2042 hoc
2485 1978 2732 2042 nomine
2777 1976 2919 2061 (ceu

491 2095 634 2159 pars
679 2096 788 2161 pro
832 2077 989 2163 toto)
1032 2079 1472 2164 intelliguntur
1520 2079 1699 2162 juxta
1765 2097 1952 2143 usum
2014 2080 2135 2161 loq.
2210 2079 2550 2162 scripturae
2613 2096 2648 2144 o
2673 2098 2740 2142 m
2761 2099 2806 2144 n
2828 2097 2862 2142 e
2888 2099 2919 2143 s

490 2179 818 2260 gentile
841 2199 901 2257 S,
972 2179 1108 2244 ideo
1153 2181 1296 2262 quia
1351 2181 1566 2264 lingua
1624 2198 1844 2264 graeca
1907 2200 2017 2263 per
2081 2198 2297 2245 omnes
2363 2182 2583 2264 gentes
2646 2180 2917 2244 maxime

493 2283 661 2343 esset
714 2281 1101 2357 communis;
1166 2300 1315 2347 nam
1378 2281 1520 2346 inde
1585 2281 1665 2346 ab
1733 2280 2069 2346 Alexandri
2112 2281 2197 2345 M.
2246 2284 2525 2364 tempore
2590 2281 2918 2364 pleraeque

491 2382 710 2463 gentes
756 2399 975 2464 graece
1019 2383 1446 2464 loquebantur.
2442 2417 2449 2422 ·

689 2481 764 2547 V.
815 2483 912 2548 17.
958 2484 1264 2563 ,justitia
1307 2486 1464 2549 enim
1495 2486 1619 2548 Dei
1646 2485 1715 2548 in
1757 2506 1822 2548 eo
1855 2481 2160 2548 revelatur
2204 2504 2280 2547 ex
2292 2481 2427 2567 fide
2462 2484 2529 2547 in
2545 2481 2803 2566 fldem“.
2837 2520 2913 2532 -

491 2581 827 2667 δικαιοσύνη
871 2589 1026 2646 θεοῦ
1065 2589 1274 2668 potest
1317 2586 1415 2651 vel
1460 2585 1808 2669 significare
1852 2585 2103 2668 aliquid,
2168 2573 2330 2668 quo'd
2374 2585 2439 2650 in
2479 2585 2612 2648 Deo
2658 2587 2754 2648 est
2799 2583 2920 2667 (ita

491 2686 563 2747 ut
588 2683 670 2748 sit
713 2691 869 2747 θεοῦ
911 2686 1220 2769 genitivus
1267 2686 1666 2770 subjecti,
1711 2685 2114 2772 possessoris)
2141 2685 2379 2752 scilicet
2413 2685 2749 2770 justitiam,
2797 2704 2920 2768 qua

491 2785 661 2850 Deus
697 2787 910 2870 justus
957 2791 1082 2864 est3
1126 2790 1226 2854 vel
1269 2807 1410 2854 vero
1456 2788 1707 2871 aliquid,
1755 2788 2130 2870 quodaDeo
2158 2791 2273 2866 est,
2320 2787 2483 2870 quod
2504 2786 2636 2852 Deo
2661 2789 2915 2852 auctore

493 2889 555 2950 et
598 2889 887 2973 largitore
933 2889 1234 2973 contingit
1255 2888 1372 2972 (ita
1394 2893 1465 2953 ut
1506 2893 1659 2952 θεοῦ
1704 2889 1786 2954 sit
1830 2889 2017 2972 genit.
2066 2889 2469 2967 auctoris,
2515 2886 2919 2972 originis),

492 2988 624 3054 scil.
643 2989 980 3072 justitiam,
1028 3009 1148 3072 qua
1170 2991 1340 3056 Deus
1364 2991 1683 3056 hominem
1705 2991 1951 3074 justum
1973 2989 2124 3054 facit
2154 2990 2338 3074 (conf.
2367 2990 2425 3067 3,
2452 2990 2566 3067 303
2611 2989 2672 3070 4,
2698 2988 2805 3073 5.).
2837 3023 2919 3035 -

493 3089 862 3156 Alterum
910 3091 1202 3176 praeferri
1247 3092 1464 3172 debet3
1511 3093 1656 3176 quia
1701 3089 2037 3171 δικαιοσύνη
2082 3092 2237 3157 haec
2262 3092 2485 3156 dicitur
2530 3110 2920 3176 apparere

495 3189 1042 3278 (ἀποκαλύπτεται),
1088 3193 1306 3259 adesse
1349 3214 1474 3277 per
1517 3194 1680 3258 fide
1702 3213 1767 3258 m
1812 3191 1936 3278 (δια
1981 3194 2274 3278 πίστεως),
2342 3193 2505 3277 quod
2572 3195 2646 3259 de
2707 3193 2921 3257 divina

497 3295 870 3377 proprietate
903 3295 1022 3360 dici
1045 3313 1167 3360 non
1187 3298 1413 3378 potest.
1461 3295 1595 3360 Vox
1639 3291 1976 3375 δικαιοσύνη
2024 3295 2333 3359 derivatur
2356 3313 2393 3359 a
2417 3295 2603 3360 verbo
2648 3289 2915 3372 δικαιόοὲ,

496 3395 657 3477 quod
703 3416 889 3461 sensu
932 3396 1246 3461 forensi
1298 3397 1586 3461 denotat:
1645 3396 1961 3478 justum
2028 3397 2361 3461 declaro
2427 3396 2493 3481 (i.
2541 3415 2590 3459 e.
2640 3395 2916 3478 aliquem

501 3514 644 3560 eum
689 3514 827 3561 esse
863 3496 1093 3579 judico,
1139 3497 1203 3560 in
1248 3515 1365 3580 quo
1409 3497 1564 3562 nihil
1609 3497 1692 3560 sit
1736 3497 2069 3581 vituperii),
2136 3497 2432 3580 culpae
2502 3500 2918 3582 expertem

491 3596 764 3661 habeo
809 3596 1236 3680 aliquem,
1305 3598 1626 3663 absolvo
1673 3598 2055 3681 aliquem3
2126 3598 2266 3663 dein
2310 3602 2521 3664 notat:
2585 3598 2917 3683 justum

407 3747 409 3749 .
489 3695 712 3762 facio
756 3697 1104 3783 (justifico),
1152 3699 1190 3764 i.
1218 3718 1266 3762 e.
1293 3698 1583 3782 impertio
1607 3699 1791 3764 alicui
1830 3696 1932 3778 τήν
1954 3697 2355 3780 δικαιοσύνην,
2402 3718 2510 3764 seu
2547 3699 2838 3783 impertio
2862 3700 2919 3764 ei

491 3799 772 3864 remissis
817 3800 1092 3882 peccatis
1137 3800 1450 3867 internam
1495 3800 2065 3865 sanctificationem.
2134 3800 2297 3866 Nam
2344 3801 2408 3864 in
2444 3800 2913 3883 justificatione,

490 3899 585 3964 uti
651 3901 1095 3966 concilium
1161 3901 1747 3968 Tridentinum
1809 3901 1988 3986 (sess.
2050 3903 2160 3967 VI.
2228 3921 2277 3969 c.
2349 3901 2434 3986 7.)
2502 3901 2700 3982 docet,
2770 3920 2918 3970 cum

491 4001 856 4066 remissione
901 4003 1294 4084 peccatorum
1357 4004 1546 4069 simul
1605 4001 2164 4069 sanctificationem·
2205 4007 2268 4066 et
2310 4002 2773 4086 renovationem
2817 4003 2916 4068 in-

491 4103 730 4168 terioris
776 4103 1048 4169 hominis
1096 4105 1322 4188 accipit
1365 4104 1551 4170 homo
1575 4106 1897 4189 perfidem
1920 4105 1997 4170 ob
2035 4095 2279 4169 merita‘
2304 4102 2553 4181 Christi,
2602 4103 2915 4187 simulque

494 4204 700 4272 evadit
743 4203 909 4269 filius
954 4205 1074 4269 Dei
1117 4208 1180 4270 et
1222 4206 1437 4273 haeres
1481 4207 1647 4271 vitae
1693 4209 1997 4274 aeternae.
2074 4205 2239 4270 Hinc
2284 4201 2621 4286 δικαιοσύνη
2669 4209 2765 4270 est
2809 4206 2918 4270 ille

494 4307 700 4370 status
740 4305 1028 4386 hominis,
1098 4325 1213 4389 quo
1258 4307 1375 4372 Dei
1440 4300 1740 4372 beneficio
1796 4327 1905 4391 per
1969 4307 2157 4372 fidem
2200 4307 2282 4372 ob
2327 4307 2551 4372 merita
2596 4305 2833 4372 Christi
2878 4327 2917 4372 a

493 4406 767 4488 peccatis
839 4425 1170 4490 eorumque
1235 4408 1447 4491 poenis
1514 4408 1832 4490 liberatur,
1899 4409 2137 4473 interne
2201 4411 2533 4474 renovatur
2577 4411 2641 4472 et
2686 4409 2921 4474 sancti-

494 4505 731 4587 ficatur,
777 4505 942 4574 filius
964 4509 1084 4575 Dei
1127 4510 1190 4575 et
1228 4509 1444 4576 haeres
1489 4510 1654 4576 vitae
1699 4512 1984 4576 aeternae
2008 4510 2241 4590 evadit3
2288 4529 2431 4575 seu:
2470 4513 2566 4577 est
2591 4511 2918 4577 translatio
