3234 4992
250 465 364 530 quo
407 447 766 532 significatu
809 449 864 514 si
927 449 1286 535 accipiatur,
1353 451 1553 536 logice
1618 451 1904 517 cohaeret
1968 469 2112 518 cum
2178 450 2415 517 verbis:
2483 449 2661 514 ὄντων

245 549 403 630 ἡμῶν
449 548 749 628 ἀσθενῶν,
786 551 904 617 hoc
927 551 1142 617 modo:
1185 551 1353 617 Nam
1383 551 1687 632 Christus,
1714 570 1859 617 cum
1885 552 2088 617 adhuc
2108 570 2387 617 essemus
2410 551 2658 634 infirmi,

247 655 306 715 et
345 652 550 716 verbis
595 653 693 718 his
721 653 1070 718 continetur
1114 653 1722 720 demonstratio
1768 654 2125 718 assertionis
2146 672 2202 718 v.
2228 652 2285 718 5.
2314 671 2657 736 expressae,

244 753 440 834 quod
507 753 846 819 scilicet
907 754 1117 820 Deus
1184 772 1324 821 nos
1390 755 1718 838 diligat.
1767 791 1844 802 -—-
1890 753 2183 831 ἀσθενῶν,
2227 754 2475 832 infirmi,
2521 754 2562 820 i.
2607 773 2657 820 e.

243 854 594 920 laborantes
639 856 851 921 morbo
893 856 1153 938 peccati.
1197 893 1285 906 -
1325 855 1476 940 κατὰ
1518 853 1737 938 καιρόν,
1780 857 1942 939 quod
1978 856 2369 940 jungendum
2395 858 2493 920 est
2515 874 2659 920 cum

241 956 419 1021 verbo
443 955 729 1035 ἀπέθανε,
755 957 919 1042 apud
943 956 1214 1024 Graecos
1240 958 1523 1024 denotat:
1569 977 1598 1023 s
1614 974 1707 1023 uo
1750 960 1828 1022 te
1844 977 1909 1022 m
1927 977 1968 1040 p
1991 975 2024 1022 0
2042 977 2073 1022 r
2089 975 2155 1033 e;
2202 956 2366 1040 apud
2388 958 2655 1040 Septua-

239 1057 437 1139 ginta,
511 1058 800 1143 ellyptice
864 1058 1248 1138 adhibitum,
1319 1060 1570 1125 denotat
1632 1078 1814 1143 saepe
1878 1058 1963 1136 id,
2030 1057 2226 1140 quod:
2294 1059 2657 1124 statuto

239 1157 633 1242 tempore,
703 1161 834 1225 sive
898 1163 1148 1243 tempus
1191 1160 1307 1226 hoc
1352 1161 1433 1225 sit
1478 1163 1786 1226 statutum
1846 1178 1957 1224 seu
2021 1151 2416 1242 praefinitum
2482 1158 2657 1242 ipsa

237 1259 348 1322 rei
403 1260 707 1325 natura
772 1260 938 1345 (Job.
987 1261 1046 1340 5,
1093 1260 1244 1345 26.),
1314 1262 1445 1327 sive
1489 1281 1526 1327 a
1570 1263 1732 1327 Deo
1791 1261 1948 1345 (Jes.
1996 1259 2097 1339 60,
2140 1260 2243 1325 22.
2289 1259 2440 1324 Mal.
2487 1260 2547 1338 3,
2597 1261 2650 1324 1.

240 1360 373 1426 Act.
419 1361 484 1439 3,
537 1362 636 1427 18.
683 1361 848 1448 etc.).
931 1363 1124 1428 Juxta
1165 1361 1329 1428 hunc
1371 1363 1832 1429 hellenisticum
1874 1379 2061 1427 usum
2106 1361 2298 1425 etiam
2340 1360 2441 1425 hic
2481 1361 2647 1426 idem

245 1463 402 1527 valet
448 1481 556 1528 ac:
602 1466 1013 1548 tempore,
1059 1466 1264 1548 quod
1309 1466 1525 1530 Deus
1569 1463 2073 1548 praefinivit.
2166 1461 2657 1528 Commendatur

246 1563 567 1645 explicatio
612 1564 767 1629 haec
810 1583 902 1645 eo,
947 1566 1109 1647 quod
1151 1565 1230 1630 N.
1277 1567 1348 1631 Τ.
1397 1569 1681 1632 auctores
1726 1565 2075 1647 frequenter
2139 1565 2215 1628 de
2278 1566 2359 1628 te
2384 1581 2651 1646 mpore

235 1664 647 1730 adventus
695 1664 1016 1731 Christi
1059 1669 1355 1748 tanquam
1383 1667 1458 1732 de
1501 1670 1868 1750 tempore
1914 1683 1950 1729 a
1991 1665 2151 1729 Deo
2196 1663 2651 1748 praefinito

234 1764 395 1848 loqui
439 1767 688 1832 soleant
731 1766 949 1849 (Marc.
989 1768 1044 1845 1,
1080 1766 1178 1832 15.
1223 1766 1358 1832 Gal.
1385 1769 1446 1845 4,
1469 1768 1527 1832 4.
1573 1767 1765 1832 Hebr.
1792 1767 1852 1844 9,
1876 1767 1977 1832 26.
2027 1767 2269 1831 1.Petr.
2311 1768 2367 1845 1,
2392 1765 2544 1850 20.).
2567 1801 2651 1816 -

233 1863 388 1948 ὑπὲρ,
432 1886 583 1951 pro
628 1868 664 1933 i.
737 1887 788 1933 e.
856 1869 922 1932 in
988 1869 1382 1934 commodum
1445 1869 1509 1934 in
1569 1869 1801 1934 bonum
1868 1868 2036 1952 (zum
2078 1868 2303 1934 Wohle
2368 1869 2515 1933 oder
2576 1889 2651 1935 zu

234 1966 576 2054 Gunsten);
637 1970 743 2034 sed
787 1970 846 2035 h.
895 1970 937 2034 l.
991 1972 1199 2034 notat:
1259 1971 1440 2035 loco
1486 1969 1753 2054 (anstatt
1796 1993 1879 2030 =
1924 1968 2099 2055 dm),
2144 1969 2289 2051 quia
2330 1969 2649 2052 apostolus

235 2072 486 2138 mortem
540 2069 769 2135 Christi
813 2070 1158 2137 considerat
1203 2073 1502 2154 tanquam
1549 2071 1732 2136 vica
1751 2072 1871 2136 ria
1890 2091 1955 2136 m
1974 2119 1989 2149 ,
2035 2070 2073 2135 i.
2102 2089 2154 2135 e.
2200 2071 2411 2150 talem,
2458 2088 2645 2154 quam

234 2171 360 2236 ideo
402 2173 621 2250 subiit,
668 2191 746 2236 ne
788 2172 1146 2237 hominibus
1191 2175 1353 2237 esset
1378 2172 1785 2251 moriendum,
1832 2176 2029 2238 morte
2053 2172 2348 2238 nimirum
2374 2175 2646 2251 aeterna,

235 2273 386 2354 quod
427 2274 525 2352 fit,
575 2273 630 2338 si
672 2273 856 2338 homo
901 2274 1067 2339 vitae
1111 2273 1396 2338 aeternae
1429 2292 1663 2357 experS,
1709 2273 1997 2339 miseriae
2021 2276 2355 2358 perpetuae
2377 2274 2645 2339 traditur

236 2373 329 2455 (cf.
373 2374 604 2440 Matth.
651 2376 754 2456 20,
799 2376 966 2460 28.);
1033 2378 1404 2459 quapropter
1447 2375 1639 2441 etiam
1684 2376 2001 2442 Christum
2046 2376 2282 2460 spectat
2344 2377 2642 2458 tanquam

232 2474 644 2540 victimam
711 2476 1212 2559 piacularem
1278 2475 1363 2560 (3,
1431 2475 1535 2541 25.
1601 2477 1829 2561 Ephes.
1888 2477 1948 2555 5,
1991 2476 2053 2542 2.
2118 2477 2177 2540 2.
2228 2473 2362 2540 Cor.
2408 2474 2468 2554 5,
2518 2476 2645 2561 14.)

234 2577 291 2638 et
331 2577 598 2641 mortem
644 2577 782 2670 eJus‘
843 2581 1146 2660 tanquam
1207 2577 1566 2657 ἅντιῖυτρον,
1632 2579 1982 2662 pretium
2047 2576 2643 2660 redemptionis

234 2672 310 2758 (1.
352 2676 516 2743 Tim.
560 2678 621 2756 2,
668 2679 724 2743 6.
775 2679 830 2742 1.
877 2678 1040 2744 Petr.
1092 2680 1147 2757 1,
1195 2678 1292 2745 18.
1341 2679 1485 2765 19.).

412 2777 490 2843 V.
543 2779 598 2844 7.
667 2778 850 2857 „Vim
912 2779 1072 2842 enim
1112 2802 1238 2865 pro
1281 2781 1481 2866 probo
1545 2783 1681 2868 quis
1744 2781 2072 2862 morionum
2130 2802 2277 2844 nam
2323 2801 2449 2866 pro
2493 2779 2643 2843 bono

219 2873 484 2957 fortasse
535 2879 671 2965 quis
713 2880 896 2944 etiam
917 2881 1077 2944 mori
1097 2881 1405 2945 sustinet‘fi
1451 2882 1773 2948 Sententia
1793 2883 1908 2948 hac
1929 2882 2243 2966 apostolus
2294 2897 2556 2946 amore
2575 2900 2639 2944 m

230 2975 364 3043 Dei
405 2981 752 3046 extollit
795 2983 1205 3066 augetque
1265 2983 1590 3049 hominum
1638 2983 2115 3067 comparatione.
2161 2981 2342 3047 Prius
2386 2979 2495 3063 γὰρ
2542 2984 2639 3044 est

231 3076 746 3148 illustrantis
791 3082 1100 3168 (nempe);
1146 3085 1454 3168 posterius
1497 3088 1595 3150 est
1640 3083 2246 3149 confirmantis.
2294 3119 2372 3130 -
2420 3080 2455 3143 ό
2495 3080 2637 3162 ἀγα-

229 3185 353 3256 θος,
397 3182 687 3262 bonus,
750 3185 811 3249 h.
857 3185 900 3249 l.
947 3185 1112 3250 varie
1178 3187 1462 3251 sumitur.
1554 3184 1763 3265 Quum
1817 3203 1931 3250 vox
1974 3187 2201 3255 δίκαιος
2242 3183 2301 3248 h.
2347 3184 2389 3248 l.
2435 3183 2635 3266 posita

228 3279 300 3344 uit
339 3283 513 3348 sine
555 3285 831 3362 articulo,
879 3283 1111 3368 ἀγαθος
1152 3305 1292 3352 vero
1340 3287 1781 3352 articulum
1824 3284 2072 3362 habeat,
2118 3284 2260 3350 inde
2298 3285 2514 3364 elucet,
2560 3284 2626 3349 in

229 3385 473 3468 utraque
510 3387 942 3470 propositione·
997 3407 1135 3454 esse
1199 3389 1472 3472 aliquam
1538 3387 2144 3472 gradationem3
2210 3386 2354 3452 hinc
2408 3403 2627 3451 vocem

227 3481 448 3564 ἀγαθος
511 3506 635 3554 non
695 3507 831 3554 esse
895 3508 1142 3572 prorsus
1210 3489 1618 3575 synonymam
1685 3489 1817 3555 voci
1880 3491 2124 3560 δίκαιος.
2212 3487 2345 3554 Vox
2407 3491 2634 3562 δίκαιος

229 3585 519 3672 absque
585 3590 841 3656 articulo
887 3591 1106 3675 posita,
1175 3591 1428 3656 denotat
1492 3592 1872 3675 probum,
1940 3589 2217 3655 absolute
2261 3589 2628 3673 spectatum,

227 3685 534 3755 hominem
579 3710 717 3774 per
759 3711 841 3757 se
885 3692 1115 3757 virtute
1172 3693 1542 3775 praeditum,
1602 3693 1679 3771 ei,
1724 3692 1902 3776 cujus
1947 3692 2114 3757 notio
2179 3692 2332 3757 latet
2376 3692 2439 3756 in
2481 3710 2626 3775 pro-

226 3789 461 3855 nomine
504 3813 595 3862 τις
635 3809 748 3856 nec
790 3793 1036 3875 injuria,
1079 3812 1190 3858 nec
1233 3793 1528 3859 beneficio
1573 3795 1931 3877 cognitum3
1992 3791 2225 3874 ἀγαθος
2267 3809 2411 3858 vero
2456 3810 2627 3857 cum

229 3889 479 3957 articulo
522 3893 812 3977 designat
854 3894 1144 3960 bonum
1190 3895 1570 3978 (relative
1631 3896 2029 3979 spectatum),
2096 3913 2203 3960 seu
2245 3894 2455 3970 talem,
2523 3893 2628 3975 qui

227 3992 482 4058 multum
529 3995 790 4060 meritus
835 3998 932 4060 est
977 3995 1166 4060 etiam
1213 3996 1288 4060 de
1347 4014 1436 4073 ec,
1504 3996 1683 4079 cujus
1750 3997 1917 4062 notio
1982 3997 2047 4061 in
2090 4013 2237 4060 voce
2279 4017 2369 4066 τις
2410 3993 2622 4070 lateat,

223 4092 317 4171 qui
357 4093 816 4161 beneficiis
881 4114 1156 4161 amorem
1223 4096 1356 4180 ejus
1422 4097 1717 4177 incendit,
1786 4114 1931 4180 ergo
1996 4095 2621 4162 benefactorem.

223 4190 377 4258 Hinc
419 4213 638 4261 sensus
684 4200 816 4262 est:
893 4197 1012 4263 Vix
1053 4214 1326 4280 unquam
1371 4197 1698 4263 hominum
1738 4199 1876 4282 quis
1923 4201 2186 4263 mortem
2231 4194 2469 4260 subibit
2511 4213 2620 4278 pro

223 4292 342 4359 viro
383 4297 587 4380 aliquo
631 4298 842 4381 probo,
905 4299 1050 4382 quia
1091 4300 1169 4363 ad
1215 4317 1535 4364 summum
1577 4300 1703 4364 fors
1747 4319 1856 4383 pro
1899 4298 2286 4364 benefactore
2329 4315 2437 4362 suo
2480 4315 2617 4362 eam

226 4396 518 4463 sustinere
559 4399 782 4482 aliquis
826 4402 1078 4483 paratus
1136 4400 1271 4465 erit.
1318 4439 1395 4451 -
1442 4399 1563 4480 Qui
1617 4400 1964 4484 genitivum
2029 4397 2269 4486 ἀγαθοῦ
2330 4418 2372 4467 n
2394 4403 2619 4467 eutro

222 4513 432 4580 genere
475 4503 754 4582 sumunt,
799 4501 1011 4567 contra
1053 4519 1118 4567 se
1158 4500 1390 4570 habent
1431 4502 1805 4572 contextum.

1284 262 1395 315 cap.
1423 264 1480 305 v.
1509 275 1552 306 v.
1581 265 1618 306 r.
2464 331 2473 348 ·
2582 266 2663 330 75
