3234 4992
1277 221 1389 275 οη).
1415 223 1494 265 lx.
1519 233 1568 266 v.
1596 224 1665 265 u.
2566 223 2686 287 155

252 425 389 470 eum
453 409 860 491 assumptum
923 426 1060 473 esse
1132 410 1213 474 ad
1267 409 1430 475 hanc
1503 409 1879 493 dignitatem
1944 427 2016 473 ex
2078 425 2251 473 mera
2314 407 2684 491 gratuita

248 509 696 574 voluntate
752 510 1060 595 (consilio)
1121 512 1251 576 Dei.
1321 549 1394 558 —
1441 511 1851 594 γεννηθέντων,
1911 510 2122 587 nati,
2187 509 2320 573 scil.
2366 507 2566 571 Jacob
2626 511 2686 571 et

251 609 411 673 Esau
459 608 635 694 (coll.
691 630 742 675 v.
794 611 939 695 12).
1030 612 1268 677 Voces:
1314 612 1436 674 κατ’
1483 612 1718 695 ἐκλογήν
1761 612 2118 697 Jungendae
2164 613 2311 674 sunt
2354 627 2490 671 eum
2542 627 2682 671 rose

248 708 591 791 πρόθεσιςε
637 713 976 777 secundum
1015 714 1378 779 electionem
1424 715 1656 780 factum
1704 713 2107 797 propositum,
2153 712 2191 775 i.
2220 730 2273 775 e.
2298 715 2678 795 prope-sitnm

248 813 379 890 Dei,
442 814 616 894 quod
681 814 744 877 in
790 814 1061 879 libera
1103 815 1236 898 ejus
1303 817 1756 894 electione,
1824 833 1965 899 ergo
2040 812 2104 877 in
2169 813 2298 877 solo
2366 815 2498 895 ejus
2566 831 2678 875 ar-

248 915 534 993 bitrio,
595 916 734 999 ejus
777 917 1052 1000 gratuita
1094 916 1412 981 voluntate
1455 917 1765 982 fundatur.
1860 917 2081 980 Porro:
2132 915 2514 997 propositum
2566 911 2682 975 Dei

248 1016 590 1080 secundum
641 1018 1030 1095 electionem,
1076 1018 1269 1082 relate
1315 1019 1394 1083 ad
1438 1022 1723 1101 typum
1769 1016 2157 1101 (Jacobum)‚
2219 1015 2316 1078 est
2362 1015 2678 1091 benevola.

247 1118 518 1199 gratuita
552 1118 680 1183 Dei
723 1121 1011 1184 voluntas
1056 1119 1461 1203 (consilium),
1510 1120 1778 1204 eligendi
1799 1119 1843 1184 J
1847 1117 2111 1183 acobum
2156 1117 2220 1180 in
2265 1115 2678 1197 patriai-cham

249 1216 552 1303 (patrem)
616 1218 804 1284 electi
861 1221 1075 1304 populi
1137 1220 1210 1284 V.
1272 1221 1375 1297 Τ.;
1433 1221 1626 1285 relate
1686 1221 1764 1284 ad
1823 1219 2293 1303 antitypum
2355 1219 2462 1299 [ad
2522 1219 2678 1279 shri-

248 1318 506 1405 stianos)
577 1325 678 1385 est
744 1326 957 1387 autem
1021 1322 1296 1405 gratuita
1319 1371 1334 1398 ‚
1414 1322 1585 1386 nullo
1637 1322 1774 1405 jure
1839 1321 2050 1386 debita
2072 1369 2090 1397 ,
2152 1319 2438 1384 voluntas
2502 1319 2678 1399 (nnn-

249 1420 486 1501 silium)
544 1422 707 1501 Dei,
770 1423 1121 1488 conferendi
1184 1422 1485 1488 beneficia
1559 1422 1703 1488 novi
1779 1421 2167 1487 Testamenti
2244 1422 2307 1483 et
2366 1419 2674 1499 justitiam

253 1538 456 1587 coram
503 1523 645 1588 Deo
702 1525 842 1607 (seu
879 1524 1414 1607 justificationem)
1459 1528 1591 1588 tam
1635 1523 1914 1601 Judaeis,
1962 1540 2151 1605 quam
2188 1519 2526 1604 gentilibus
2574 1539 2682 1599 per

249 1620 428 1687 fidem
473 1624 516 1688 J
522 1644 642 1689 esu
689 1625 938 1690 Christi.
985 1662 1070 1673 —
1112 1626 1348 1691 Verba:
1411 1624 1516 1687 οὐκ
1573 1624 1638 1697 ἐξ
1682 1629 1877 1706 ἔργων,
1934 1622 2057 1686 ἄλλ’
2106 1627 2167 1684 ἐκ
2209 1625 2318 1684 τοῦ
2366 1623 2682 1691 καλῡῖψτῡς

245 1720 419 1806 jungi
487 1726 727 1791 debent
793 1745 934 1791 cum
1000 1728 1241 1791 verbis:
1312 1726 1353 1808 ἤ
1416 1726 1536 1789 κατ’
1604 1726 1840 1808 ἐκλογήν
1904 1725 2230 1807 apo-Jeme.-
2294 1723 2678 1809 prepositum

252 1821 482 1890 factum
529 1846 660 1892 non
703 1832 953 1911 propter
995 1846 1273 1910 opera,
1321 1830 1430 1893 sed
1476 1849 1546 1894 ex
1590 1831 1964 1905 vocante,
2010 1830 2047 1893 i.
2099 1849 2147 1891 e.
2207 1847 2278 1891 ex
2338 1827 2470 1890 sula
2538 1843 2678 1907 gra-

259 1923 417 1989 tuita
484 1928 815 1993 voluntate
876 1930 1155 1994 vocantis
1220 1929 1373 2007 Dei,
1442 1950 1551 1996 seu
1618 1950 1689 1995 ex
1756 1932 1870 1995 Dei
1936 1930 2216 1995 vocantis
2282 1927 2554 2011 gratia
2618 1927 2682 1987 et

256 2026 862 2096 misericordia.
909 2067 994 2078 —
1041 2035 1131 2093 ἱνα
1187 2034 1348 2115 μένῃ,
1407 2035 1495 2098 ut
1554 2037 1948 2108 maneret,
2009 2033 2047 2095 i.
2109 2051 2159 2093 e.
2223 2030 2295 2094 ut
2350 2028 2516 2091 istud
2566 2027 2674 2091 Dei

256 2131 636 2211 propositum
684 2132 762 2196 ab
808 2132 1166 2198 hominibus
1210 2135 1461 2200 firmum
1491 2154 1629 2199 esse
1674 2132 2334 2219 cognosceretur.
2378 2167 2462 2175 —
2510 2131 2675 2191 Dens

258 2229 410 2294 enim
457 2250 583 2299 non
629 2233 788 2298 facit
833 2234 1086 2317 aliquid,
1132 2239 1204 2299 ut
1248 2236 1495 2320 aliquod
1551 2236 1685 2319 ejus
1728 2230 2114 2320 propositum
2157 2232 2486 2297 firmum
2530 2231 2674 2303 sit,

257 2331 358 2394 sed
398 2335 468 2396 ut
513 2354 642 2417 qua
686 2336 812 2399 tale
851 2336 929 2399 ab
969 2336 1331 2401 hominibus
1356 2338 2015 2420 cognosceretur.
2065 2371 2150 2382 —
2191 2331 2357 2413 αὐτῇ,
2406 2331 2498 2404 ei,
2546 2331 2586 2395 i.
2626 2351 2674 2395 e.

257 2428 583 2500 Rebeccae.
637 2472 715 2482 ——
762 2436 995 2501 Verba:
1066 2456 1226 2522 „non
1293 2457 1364 2502 ex
1430 2438 1740 2522 operibus,
1810 2438 1919 2501 sed
1986 2456 2057 2501 ex
2122 2435 2374 2501 vocante
2438 2435 2674 2495 dictum

258 2535 347 2595 est
387 2535 444 2598 ei
492 2536 905 2620 (Rebeccae):
970 2537 1176 2621 Major
1235 2539 1457 2603 serviet
1514 2539 1801 2617 minori“‚
1871 2575 1953 2585 --
2010 2537 2366 2622 significant
2410 2535 2674 2599 imme-

261 2631 470 2700 diate
529 2641 596 2702 et
658 2638 1061 2703 historice
1121 2640 1378 2722 gratuiti
1438 2641 1553 2705 Dei
1612 2640 1856 2705 consilii
1916 2658 2107 2723 aeque
2165 2639 2502 2721 gratuitam
2558 2655 2674 2699 er-

261 2738 799 2816 secutionem‚
851 2740 1090 2805 scilicet
1134 2741 1496 2805 electionem
1541 2741 1835 2806 Jacobi
1879 2746 1943 2805 et
1986 2743 2494 2824 posterorum
2546 2739 2674 2819 ejus

260 2832 317 2898 in
357 2841 659 2922 populum
707 2841 836 2906 Deo
881 2842 1258 2924 peculiarem
1297 2861 1443 2925 prae
1475 2841 1644 2907 Esau
1689 2847 1751 2906 et
1794 2842 2053 2925 posteris
2100 2842 2268 2925 ejus3
2328 2839 2674 2903 mediate

260 2940 456 3004 autem
503 2941 864 3026 significant
907 2943 1422 3026 antitypum,
1467 2943 1506 3007 i.
1555 2963 1605 3007 e.
1654 2944 1992 3028 gratuitam
2039 2941 2454 3026 gentium.
2518 2939 2670 3003 nihi]

261 3036 373 3101 tale
426 3043 826 3119 merentium,
872 3044 1234 3109 electionem
1282 3064 1392 3127 per
1449 3045 1658 3121 fidem,
1720 3045 1888 3110 nullo
1946 3044 2158 3108 habito
2200 3047 2482 3125 respectu
2530 3057 2670 3103 san-

260 3138 454 3218 guinis
521 3144 967 3228 (generationis
1034 3145 1327 3230 carnalis)
1395 3148 1458 3210 et
1527 3164 1779 3229 operum
1845 3146 2173 3229 legalium,
2243 3144 2308 3207 in
2374 3143 2666 3223 pupulum

261 3235 368 3301 Dei
430 3242 508 3308 N.
558 3245 629 3309 Τ.
699 3264 845 3328 prae
889 3246 1172 3325 Judaeis‚
1240 3263 1360 3311 non
1429 3246 1842 3326 credentibu3‚
1910 3247 2132 3328 quibus
2199 3244 2366 3327 origo
2430 3263 2498 3307 ex
2558 3259 2670 3323 pa-

262 3338 535 3410 triarchis
583 3346 648 3410 et
690 3365 876 3429 opera
918 3348 1075 3411 nihil
1111 3347 1272 3429 juris
1313 3348 1610 3413 tribuunt.
1638 3348 1685 3431 ¹)
1774 3346 2061 3412 Ceterum
2104 3347 2293 3411 verba
2333 3345 2462 3419 illa.
2510 3343 2674 3407 dicta

260 3436 566 3512 Rebeccae
633 3446 814 3532 (Gen.
882 3449 984 3526 25,
1051 3449 1218 3532 230:
1285 3449 1484 3513 duae
1550 3449 1836 3533 gentes
1904 3449 1987 3513 in
2049 3451 2274 3513 utero
2339 3446 2502 3523 tuo,
2570 3451 2670 3507 et:

260 3544 498 3625 major
555 3549 871 3613 serviet
928 3549 1252 3626 minori,
1312 3550 1509 3614 relata
1565 3551 1644 3614 ad
1703 3550 2097 3615 Jacobum
2157 3553 2218 3613 et
2274 3548 2482 3613 Esau
2534 3547 2666 3627 jam

260 3646 565 3713 continent
610 3651 1227 3715 exsecutionem
1292 3651 1741 3715 electionis
1801 3653 1865 3715 et
1923 3650 2461 3715 collationem
2510 3651 2666 3731 [lig-

258 3743 546 3814 nitatis
592 3751 997 3834 adimpletam
1065 3752 1169 3816 uni
1233 3771 1378 3835 prae
1425 3752 1651 3833 alter03
1721 3751 1919 3815 relata
1962 3770 2101 3817 vero
2172 3752 2251 3815 ad
2312 3751 2662 3834 populos

259 3840 612 3932 futuros,
659 3871 916 3935 quorum
961 3853 1056 3930 illj
1119 3854 1236 3918 duo
1296 3856 1506 3936 patres
1568 3856 1762 3931 erant,
1828 3854 1974 3917 sunt
2032 3853 2450 3917 oraculum
2498 3867 2666 3935 pre-

257 3944 700 4030 pheticum3
775 3953 912 4018 ideo
975 3955 1165 4018 etiam
1235 3954 1553 4038 apostolus
1612 3953 1824 4018 subdit
1882 3956 2173 4019 continuo
2231 3955 2662 4036 promissionis

259 4054 939 4134 complementum
985 4075 1056 4119 ex
1099 4055 1372 4133 historia,
1415 4054 1562 4120 dum
1610 4055 1796 4120 dicit:

258 4211 263 4217 Α
449 4153 524 4219 V.
573 4156 672 4219 13.
718 4155 937 4234 „Sicut
957 4158 1247 4242 scraptwn
1289 4166 1410 4221 cst:
1451 4157 1752 4222 „Iacobum
1796 4155 2011 4237 dileoei,
2055 4157 2229 4220 Esau
2252 4165 2450 4219 autem
2494 4155 2662 4219 odis*

258 4244 440 4315 Locus
507 4256 610 4320 hic
670 4258 1073 4341 depromptus
1131 4278 1203 4322 ex
1257 4258 1607 4325 Malachi
1626 4278 1664 4326 a
1732 4260 1831 4345 (1,
1892 4260 1998 4343 3.),
2062 4260 2362 4325 adductus
2446 4267 2538 4325 est
2598 4259 2658 4327 in

459 4472 491 4547 ¹)
529 4474 684 4529 Conf.
721 4474 1004 4529 Franzelin
1041 4476 1242 4548 (Card.)
1277 4475 1565 4533 Tractatus
1603 4479 1669 4534 de
1704 4478 1818 4533 Deo
1854 4494 1963 4534 uno
1999 4494 2121 4550 pag.
2156 4479 2446 4536 678-6313.
