3234 4992
549 223 633 289 46
1546 221 1659 272 Gap.
1682 221 1767 262 111.
1792 231 1837 262 v.
1866 221 1983 261 1-3,

552 408 618 471 id
661 407 878 472 multis
918 407 1254 489 scripturae
1279 406 1350 470 V.
1379 406 1448 470 Τ.
1473 406 1643 471 10013.
1690 407 1765 470 111
1809 407 2071 471 altera
2114 409 2329 470 autem
2350 410 2528 489 parte
2554 405 2634 491 (v.
2662 407 2980 491 21-31.)

555 527 736 572 suam
781 509 855 572 de
892 507 1527 590 justificatione
1571 503 1917 572 doctrinam
1964 507 2180 590 aperit,
2228 507 2475 585 docenS,
2524 526 2662 572 eam
2708 509 2988 574 obtineri

553 609 826 692 gratis
872 627 981 690 per
1023 607 1277 672 fidem
1321 609 1401 672 in
1447 607 1892 674 Christum.

761 708 834 773 V.
886 710 940 774 1.
986 708 1354 787 „Quaenam
1394 708 1583 792 i9itur
1613 710 2012 794 praestantia
2055 709 2337 773 Judaei?
2394 718 2503 772 aut
2544 731 2699 794 quae
2736 709 2989 774 utilitas

557 809 1116 873 circumcisioniffl?
1160 847 1239 854 —-
1286 807 1579 888 Quaestio
1623 811 1777 876 haec
1822 814 1957 875 orta
2000 813 2097 875 est
2144 830 2214 875 ex
2255 810 2530 893 proxime
2555 810 2640 895 (2,
2669 811 2987 894 25—29.)

556 911 762 988 dictis,
807 930 887 974 ex
928 910 1149 993 quibus
1197 911 1516 994 apostolus
1560 911 1755 975 videri
1798 914 2041 994 poterat
2104 910 2372 994 gentiles
2435 911 2501 974 in
2560 929 2625 974 re
2689 911 2990 994 religiosa

553 1029 588 1076 0
606 1031 672 1076 111
692 1010 877 1076 nino
923 1030 960 1076 a
980 1031 1012 1074 e
1033 1029 1130 1093 qu
1149 1030 1186 1076 a
1205 1029 1277 1075 ss
1300 1031 1332 1074 e
1375 1011 1419 1076 J
1422 1011 1655 1076 udaeis.
1703 1009 1904 1090 Quam
1930 1011 2438 1094 consequentiam
2462 1029 2653 1092 quum
2679 1031 2749 1075 ex
2767 1012 2983 1077 verbis

557 1113 684 1176 suis
731 1113 870 1177 duci
913 1113 1069 1177 nolit
1112 1131 1159 1176 3.
1207 1113 1544 1194 apostolus,
1616 1129 1755 1177 eam
1812 1113 1893 1176 ad
1959 1113 2214 1177 modum
2281 1111 2792 1194 objectionis
2862 1113 2991 1178 sibi

552 1214 840 1296 proponit
883 1232 956 1278 ac
1003 1213 1218 1278 statim
1264 1211 1507 1276 refellit.
1599 1213 1753 1277 Vult
1811 1213 2001 1296 igitur
2063 1232 2108 1277 s.
2157 1213 2475 1296 apostolus
2532 1213 2738 1278 verbis
2786 1213 2983 1297 hujus

551 1333 765 1380 versus
809 1313 1044 1378 dicere:
1135 1313 1201 1379 Si
1242 1314 1350 1391 ita,
1419 1313 1512 1378 uti
1571 1314 1743 1396 prius
1790 1314 1875 1400 (2,
1920 1314 2221 1400 25—29.)
2268 1314 2423 1391 dixi,
2492 1328 2589 1376 res
2644 1331 2711 1377 se
2754 1314 2977 1394 habet,

554 1434 860 1498 quaenam
901 1415 1094 1498 igitur
1138 1416 1284 1478 sunt
1327 1415 1753 1481 Israelitarum
1796 1416 2256 1500 praerogativae
2277 1464 2292 1493 ,
2363 1417 2471 1478 aut
2528 1432 2837 1496 quaenam
2885 1419 2988 1478 est

557 1516 1042 1582 circumcisionis
1085 1516 1379 1580 utilitas?
1421 1516 1626 1580 Adest
1671 1535 1815 1600 ergo
1838 1518 1904 1580 in
1927 1517 2043 1581 hoc
2087 1535 2269 1581 versu
2313 1515 2617 1597 duplex
2658 1515 2981 1596 quaestio;

554 1621 756 1702 prim
781 1637 868 1684 ae
913 1619 1132 1683 statim
1177 1619 1258 1702 (v.
1305 1615 1392 1700 2.)
1438 1619 1767 1700 respondet
1808 1618 2157 1702 apostolus3
2208 1613 2513 1683 secundae
2554 1616 2620 1680 in
2664 1615 2871 1698 capite
2918 1616 2981 1680 4.

553 1718 623 1781 τὸ
664 1717 935 1802 περισσὸν
979 1719 1144 1784 idem
1191 1737 1261 1784 ac
1305 1743 1340 1799 η
1387 1722 1700 1802 περισσεία,
1744 1719 2144 1803 praestantia.

763 1821 834 1885 V.
882 1822 941 1885 2.
1006 1821 1293 1905 „Magyna
1337 1822 1546 1906 quovis
1587 1821 1847 1900 modo“;
1910 1822 1949 1884 i.
1999 1841 2048 1884 e.
2096 1820 2331 1884 multae
2396 1822 2541 1882 sunt
2602 1817 2715 1880 sub
2760 1817 2987 1898 quovis

553 1926 839 2006 respectu
882 1922 1310 1986 Israelitarum
1355 1923 1831 2006 praerogativae.
1885 1959 1958 1967 —
2004 1917 2175 1996 πολύ,
2222 1921 2355 1986 scil.
2400 1917 2469 1981 τὰ
2489 1913 2786 1998 περισσόν,
2815 1919 2989 1999 quod

555 2025 720 2088 idem
765 2042 838 2090 ac
880 2021 1066 2104 πολλή
1112 2027 1424 2104 περισσεία.
1471 2061 1554 2070 --
1598 2021 1743 2085 κατὰ
1789 2021 1978 2085 πάντα
2001 2019 2220 2104 τρόπον
2264 2021 2584 2085 interdum
2610 2018 2985 2102 significat:

556 2126 916 2190 omnino:
961 2126 1129 2190 valet
1193 2146 1334 2191 vero
1380 2127 1570 2191 etiam
1617 2126 1805 2203 idem,
1876 2126 2070 2207 quod:
2138 2122 2433 2206 quovis
2501 2120 2754 2198 mode,
2826 2119 2985 2184 sub

556 2227 772 2291 omni
814 2230 1234 2309 respectu3
1302 2228 1464 2308 quod
1507 2225 2054 2309 hyperbolice
2098 2223 2382 2289 adhiberi
2427 2219 2602 2299 solet,
2650 2223 2720 2284 ut
2782 2220 2989 2302 signi—

555 2327 808 2390 ficetur:
877 2327 1137 2389 multa
1181 2347 1266 2390 ex
1323 2330 1588 2409 parte,
1660 2327 1776 2391 sub
1822 2327 2021 2392 multo
2064 2327 2370 2408 respectu.
2414 2323 2514 2387 Ita
2557 2323 2622 2386 h.
2665 2322 2729 2399 l.,
2798 2322 2991 2404 prout

554 2428 731 2491 docet
773 2444 886 2490 Vox
928 2445 1223 2507 sequeus:
1291 2432 1546 2510 πρῶτον.
1595 2464 1677 2474 -
1722 2429 1941 2507 „Nam
1984 2427 2263 2512 primum
2323 2425 2594 2510 quidem,
2654 2423 2804 2508 quia
2846 2443 2987 2485 con-

554 2525 789 2590 credita
831 2536 971 2590 sunt
1011 2525 1141 2590 illis
1183 2526 1423 2614 eloquia
1465 2529 1651 2592 Dei“.
1697 2530 1851 2594 Vult
1895 2528 2131 2593 dicere:
2175 2527 2461 2591 Primum
2507 2525 2757 2607 quidem
2802 2541 2986 2606 prae—

552 2627 829 2710 rogativa
873 2630 969 2690 est
1010 2628 1431 2694 Israelitarum
1476 2649 1621 2712 prae
1664 2629 2023 2713 gentilibus,
2071 2628 2235 2710 quod
2276 2627 2447 2691 Deus
2492 2627 2598 2704 eis,
2647 2628 2717 2688 ut
2754 2624 2987 2688 amicis

555 2729 703 2807 suis,
769 2728 1143 2792 concredidit
1205 2730 1430 2814 legem,
1499 2731 1855 2813 prophetias
1922 2730 1995 2792 de
2064 2728 2299 2792 Messia
2363 2730 2638 2804 venture,
2710 2726 2983 2803 oracula,

553 2828 784 2912 figuras
821 2828 1066 2913 (typos)
1109 2829 1460 2895 futurorum
1505 2833 1570 2896 in
1594 2831 1855 2896 ecclesia
1880 2830 2011 2894 scil.
2040 2829 2395 2893 christiana.
2444 2864 2526 2875 —
2571 2827 2705 2893 Vox
2724 2830 2987 2906 πρῶτον,

553 2931 679 2996 3011.
726 2928 794 2992 τὸ
832 2931 1103 3012 περισσὸν
1147 2934 1355 3014 potest
1401 2932 1688 2996 denotare
1732 2932 2103 3014 primum,
2174 2928 2307 2994 scil.
2366 2931 2802 2995 ornamentum
2872 2947 2986 2992 seu

552 3033 818 3116 primam
861 3033 1372 3116 praerogativam,
1421 3034 1483 3096 et
1527 3033 1716 3097 simul
1761 3031 2017 3115 cogitari
2059 3031 2283 3114 potest,
2330 3030 2679 3112 apostolum
2714 3047 2983 3094 numero

551 3134 790 3217 plura
833 3135 1194 3199 ornamenta
1238 3133 1470 3198 similia
1512 3134 1782 3198 voluisse
1825 3151 2178 3210 recensere3
2226 3131 2368 3195 dein
2412 3133 2625 3196 autem
2670 3130 2749 3196 ab
2796 3147 2869 3194 ea
2917 3139 2988 3194 re

555 3234 954 3314 abstinuisse,
1005 3235 1150 3319 quia
1191 3254 1300 3318 per
1345 3235 1603 3301 dubium
1649 3254 1705 3299 v.
1752 3235 1809 3299 3.
1859 3233 2139 3298 additum
2174 3233 2252 3296 ad
2276 3233 2467 3297 aliam
2489 3252 2623 3297 rem
2648 3248 2989 3296 conversus

552 3334 754 3399 fuerat
797 3336 976 3420 (facit
1017 3337 1184 3414 ici-9,
1230 3338 1289 3400 4.
1337 3335 1510 3422 seq).
1557 3373 1643 3383 —
1685 3337 1905 3401 Potest
1949 3352 2089 3399 vero
2134 3331 2363 3415 πρῶτὸν
2410 3332 2735 3418 (primum)
2781 3331 2983 3396 etiam

554 3436 723 3501 idem
768 3437 1056 3500 denotare
1102 3456 1205 3500 ac:
1252 3437 1773 3519 primarium,
1820 3437 2374 3520 praecipuum,
2421 3435 2755 3517 itautjam
2790 3433 2986 3516 origi-

555 3537 725 3600 narie
769 3536 956 3601 fuerit
999 3539 1055 3601 ei
1099 3539 1428 3602 consilium
1449 3588 1463 3617 ,
1531 3540 1647 3603 hoc
1713 3541 1962 3603 tantum
2024 3539 2366 3615 tractandi,
2436 3536 2679 3602 silentio
2744 3535 2985 3618 pressis

556 3636 714 3700 aliis,
765 3673 842 3683 —
889 3637 1010 3702 Sed
1063 3639 1314 3702 alteri
1377 3639 1868 3723 interpretationi
1933 3640 2145 3704 obstat
2205 3639 2509 3722 particula
2566 3638 2687 3719 μὲν.
2743 3671 2815 3683 -
2858 3635 2989 3698 Per

555 3739 720 3818 λογία
764 3738 1199 3822 intelligendae
1244 3741 1390 3804 sunt
1433 3758 1649 3806 omnes
1674 3741 2075 3806 revelationes
2098 3739 2175 3804 V.
2202 3741 2293 3818 T„
2339 3739 2705 3824 praeprimis
2732 3736 2985 3803 oracula

557 3839 631 3902 de
675 3838 792 3902 Me
814 3840 980 3904 ssia
1023 3844 1296 3906 venture.
1352 3878 1419 3887 -
1472 3843 1545 3906 In
1590 3843 1857 3908 dictione
1902 3839 2329 3922 ἐπιστεύθησαν
2374 3841 2533 3926 (3011.
2584 3845 2640 3902 οἱ
2690 3836 2985 3918 1ουδαῖοι)

555 3939 628 4003 τοὶ
670 3943 852 4023 λογιά,
896 3943 1165 4025 positum
1212 3948 1303 4008 est
1345 3943 1420 4005 τὰ
1463 3945 1629 4025 λογία
1670 3945 1736 4009 111
1758 3945 2127 4010 accusativo.
2172 3943 2453 4008 Verbum
2486 3943 2654 4007 enim
2696 3936 2983 4002 πιστεύειν

555 4045 825 4126 pertinet
868 4045 946 4108 ad
988 4045 1100 4110 illa
1141 4046 1350 4125 verba,
1400 4066 1574 4129 quae,
1623 4067 1814 4129 quum
1860 4048 1925 4111 in
1969 4046 2167 4111 activo
2212 4042 2483 4112 habeant
2543 4045 2823 4110 dativum
2868 4046 2984 4106 aut

554 4147 899 4230 genitivum
938 4166 1258 4231 personae,
1283 4149 1338 4214 si
1369 4169 1409 4232 p
1427 4151 1677 4214 assive
1708 4150 2164 4227 construuntur,
2212 4151 2462 4213 vertunt
2483 4147 2664 4211 illum
2692 4145 2979 4210 dativum

556 4250 665 4310 aut
707 4249 1055 4331 genitivum
1097 4268 1396 4333 personae
1418 4251 1483 4316 in
1529 4252 2106 4327 nominativum,
2153 4252 2445 4314 manente
2479 4247 2827 4315 accusativo
2864 4245 2974 4309 rei.

759 4348 834 4412 V.
862 4350 918 4414 3.
965 4349 1184 4430 „Quid
1205 4352 1383 4432 enim,
1405 4353 1462 4416 si
1481 4350 1766 4416 nonnulli
1786 4373 1909 4415 non
1930 4348 2361 4414 crediderunt?
2403 4371 2550 4414 num
2570 4345 2977 4412 incredulitas

557 4444 1004 4530 illorumfidem
1025 4451 1152 4515 Dei
1169 4452 1419 4516 irritam
1439 4451 1732 4516 reddeff‘?
1755 4487 1837 4500 ——
1863 4451 2085 4517 Verbis
2108 4451 2207 4516 his
2243 4467 2278 4514 0
2294 4469 2373 4515 00
2393 4470 2435 4514 11
2451 4470 2480 4514 1
2501 4449 2613 4514 rit
2643 4447 2978 4533 objectioni
