3234 4992
611 267 691 331 Βῆ
1642 260 1753 315 cap.
1780 263 1838 305 v.
1864 270 1909 303 v.
1936 262 2003 303 ao.

611 451 835 527 veniat,
883 471 1024 511 aen:
1086 449 1166 512 in
1210 466 1354 530 quo
1397 447 1479 512 sit
1521 466 1646 512 una
1688 448 1955 513 alterave
1998 446 2369 511 fundata.
2419 443 3017 510 Condemnatio

615 551 907 615 fundatur
971 551 1035 611 in
1098 548 1666 613 inobedientia
1730 546 2055 624 Adami,
2123 546 2290 611 vita
2356 546 2419 609 in
2486 542 3020 609 obedientia

615 651 955 715 Christi.
1007 651 1088 728 Si,
1132 650 1203 712 ut
1245 649 1303 713 h.
1351 650 1390 713 l.
1440 649 1621 713 docet
1664 649 2002 733 apostolae,
2050 665 2269 713 omnes
2314 665 2423 729 per
2466 664 2666 710 unum
2708 644 3019 709 hominem

591 754 799 835 ‘iatine
843 750 1286 815 inobedientiae
1330 750 1662 833 participes
1705 751 1852 815 facti
1900 752 2062 828 sunt,
2110 766 2256 832 ergo
2306 747 2794 831 peccatores
2839 764 3021 810 vere

615 851 675 915 et
719 851 1047 935 proprie
1091 851 1417 916 evaserunt
1464 887 1536 899 -
1584 852 1722 915 tum
1792 854 2013 935 sponte
2079 850 2354 931 sequitur
2418 849 2481 913 et
2542 848 2831 926 alterum,
2904 845 3019 910 scil.

615 971 831 1019 omnes
879 975 987 1035 per
1031 953 1290 1018 liberam
1337 951 1752 1016 obedientiam
1796 953 1979 1018 unius
2026 950 2312 1034 (Christi)
2371 969 2557 1014 vere
2603 952 2667 1013 et
2710 946 3022 1031 proprie

607 1055 811 1135 justos
859 1055 1055 1119 factus
1122 1071 1275 1117 esse.
1323 1088 1405 1098 —
1448 1051 1717 1135 παρακυή
1780 1053 1968 1119 debet
2026 1051 2294 1134 intelligi
2354 1050 2453 1115 de
2516 1055 2702 1114 actu
2771 1048 3021 1113 inobe-

619 1155 935 1219 dientia
959 1175 991 1219 a
1059 1153 1287 1218 Adami
1349 1171 1497 1236 erga
1562 1155 1679 1219 Dei
1754 1155 2157 1229 mandatum3
2225 1150 2457 1233 ὑπακοή
2527 1151 2603 1216 de
2685 1149 3023 1215 obedientia

619 1255 871 1331 Christiq
943 1273 1094 1335 quae
1151 1271 1294 1319 vero
1360 1253 1482 1318 fuit
1547 1258 1937 1338 perpetua
2002 1258 2065 1318 et
2129 1273 2238 1337 per
2302 1270 2487 1317 omne
2550 1251 2720 1317 vitae
2789 1252 3022 1331 tempus

615 1355 802 1439 (Phil.
851 1359 907 1435 2,
955 1355 1059 1439 3.).
1108 1390 1184 1401 -
1243 1354 1835 1437 κατασταθήσονταις
1900 1356 2303 1433 futurum,
2346 1357 2467 1417 ·est
2530 1352 2667 1416 ideo
2738 1350 3020 1433 positum,

615 1459 751 1539 quia
795 1455 1160 1539 justificatio
1203 1454 1530 1522 hominum
1575 1457 2003 1523 successiv
2028 1476 2060 1521 e
2124 1474 2236 1539 per
2278 1456 2630 1538 temporum
2702 1452 3019 1516 decursum

615 1559 703 1623 fit*
751 1595 835 1603 —
879 1559 1011 1623 Vox
1055 1559 1265 1620 πολλοὶ
1309 1558 1371 1622 h.
1419 1558 1457 1622 l.
1506 1563 1604 1623 est
1649 1559 1739 1623 ita
1783 1558 2141 1640 explicanda
2185 1557 2279 1621 uti
2323 1576 2380 1621 v.
2428 1556 2525 1618 1ῖ).
2584 1590 2653 1600 —-

823 1659 1113 1723 Ceterum
1157 1678 1449 1742 praesens
1492 1660 1665 1725 locus
1712 1661 1875 1725 clare
1913 1658 2107 1736 docet,
2155 1657 2383 1722 falsam
2408 1676 2542 1722 esse
2584 1654 3018 1721 haereticorum

615 1759 967 1839 opinionem
1015 1759 1086 1824 de
1130 1759 1548 1843 imputata
1587 1759 1973 1841 justitia3
2038 1779 2206 1838 nam,
2254 1760 2417 1825 sicut
2462 1778 2570 1843 per
2614 1757 2852 1823 Adami
2896 1772 3018 1838 pec-

615 1859 847 1939 catum}
907 1859 991 1923 ait
1039 1879 1085 1924 e.
1133 1860 1388 1939 Paulus,
1457 1879 1675 1926 omnes
1732 1861 2013 1926 homines
2079 1861 2403 1928 constituti
2476 1859 2624 1925 sunt
2683 1860 3020 1942 peccatores

615 1979 795 2023 rere
839 1967 899 2023 et
943 1962 1309 2044 proprie,
1357 1962 1433 2027 ob
1479 1965 1807 2046 peccatum
1852 1962 2113 2046 singulis
2160 1963 2606 2029 inhaerens
2653 1960 2742 2045 (et
2788 1975 3021 2040 nonper

615 2059 1257 2143 imputationem
1302 2063 1755 2128 inobedientiae
1801 2062 2079 2148 Adami)‚
2121 2065 2338 2128 —ita
2383 2066 2445 2127 et
2488 2081 2674 2127 vere
2735 2064 2803 2125 et
2866 2076 3017 2143 pro·

615 2163 791 2243 pria
835 2163 991 2245 justi
1039 2165 1358 2230 constituti
1403 2165 1522 2229 dici
1567 2166 1795 2230 debent
1835 2166 2139 2246 homineS‚
2184 2186 2295 2249 per
2339 2165 2573 2230 Christi
2611 2163 2929 2248 justitiam
2968 2162 3021 2223 et

615 2263 1055 2343 obedientiam
1119 2264 1196 2330 ob
1241 2266 1813 2331 inhaerentem
1878 2266 1966 2331 eis
2024 2267 2363 2351 justitiam,
2429 2266 2574 2348 quia
2639 2265 2798 2329 alias
2869 2280 3018 2327 com-

615 2363 851 2447 paratio
895 2383 1019 2427 nou
1063 2366 1439 2431 consisteret.
1525 2367 1889 2432 contractae
1935 2368 2230 2434 nimirum
2274 2387 2385 2451 per
2427 2367 2748 2432 Adamum
2796 2366 3017 2448 culpae,

615 2479 795 2531 rere
839 2466 1100 2547 singulis
1143 2485 1215 2531 ex
1259 2484 1329 2531 eo
1396 2469 1558 2533 natis
1624 2469 1984 2548 inhaerenti,
2048 2468 2380 2552 respondet
2438 2469 2641 2532 solum
2709 2466 2860 2531 data
2923 2482 3014 2547 per

619 2567 935 2631 Chr-Istum
971 2566 1236 2647 justitia,
1282 2569 1570 2634 omnibus
1617 2589 1689 2633 ex
1732 2587 1801 2634 eo
1846 2570 2075 2634 renatis
2121 2589 2302 2635 vere
2347 2568 2697 2634 inhaerens,

815 2667 887 2731 V.
931 2667 1035 2731 21]..
1079 2667 1255 2746 „Lex
1298 2679 1497 2734 autem
1539 2671 1788 2755 insuper
1828 2671 2105 2749 intravit,
2164 2679 2233 2733 ut
2288 2669 2635 2733 abundaret
2692 2667 3017 2732 delictum“.

615 2767 711 2831 Ne
755 2767 831 2831 cb
875 2771 1108 2834 dictum
1155 2789 1212 2837 v,
1262 2771 1361 2835 13.
1409 2789 1695 2855 „usque
1740 2772 1831 2835 ad
1874 2772 2141 2855 legem
2207 2774 2637 2854 peccatum
2704 2772 2889 2835 erat
2951 2768 3015 2830 in

615 2871 963 2947 1111111111111,
1023 2872 1270 2951 putaret
1313 2872 1470 2954 quis,
1516 2891 1624 2954 per
1665 2873 1870 2955 legem
1937 2872 2350 2937 abolitum
2416 2870 2611 2936 fuisse
2678 2873 3011 2954 peccatum,

615 2971 951 3055 opportune
999 2972 1150 3035 [licit
1193 2972 1316 3037 hic
1344 2992 1391 3037 s.
1434 2973 1773 3055 apostolus,
1821 2974 1980 3055 quod
2026 2973 2269 3037 tantum
2320 2973 2515 3051 abest,
2562 2975 2633 3037 ut
2675 2990 2788 3054 per
2834 2971 3019 3053 legem

611 3071 803 3139 Mesia
847 3075 1162 3139 sublatum
1208 3073 1397 3138 fuerit
1440 3076 1784 3157 peccatum,
1851 3075 1999 3157 quin
2042 3075 2249 3158 potius
2297 3074 2499 3157 magis
2543 3074 2905 3139 invaluerit.
2947 3106 3017 3119 —

611 3171 791 3251 rsti'nog
835 3175 1248 3256 παρεισῆλθεν,
1291 3176 1386 3240 lex
1429 3175 1681 3257 insuper
1718 3176 1992 3255 intravit,
2040 3176 2079 3240 i.
2105 3196 2154 3240 e.
2189 3177 2287 3241 lex
2328 3175 2660 3258 prohibens
2706 3178 3016 3259 peccatum

615 3277 867 3339 1111111111
911 3279 1184 3359 tempore
1209 3276 1650 3341 interAdam
1691 3279 1753 3340 et
1792 3276 2208 3342 Christum
2253 3277 2442 3360 (inter
2486 3276 2805 3341 exordium
2851 3292 3013 3359 pec-

615 3379 783 3439 cati
827 3379 891 3439 et
935 3378 1244 3442 cxcrdium
1287 3376 1645 3460 gratiae)
1691 3378 2085 3460 subingressa
2129 3382 2240 3457 est,
2304 3378 2433 3442 scil.
2483 3381 2625 3460 post
2666 3378 3011 3459 ingressum

615 3475 675 3539 in
711 3479 1011 3539 mundum
1035 3478 1371 3559 peccatum.
1418 3475 1621 3553 τὸὶνα,
1666 3480 1753 3541 ut
1790 3478 2132 3543 abundaret
2176 3478 2491 3558 delictum,
2539 3482 2634 3543 est
2683 3479 2815 3544 h.l.
2843 3479 3017 3543 fina-

615 3575 811 3639 liter
855 3575 1159 3661 [fairni-59),
1217 3595 1340 3642 non
1385 3582 1595 3643 autem
1662 3580 1753 3643 de
1820 3582 2127 3644 eventu
2196 3577 2573 3665 (ἐκβατικοδς)
2640 3579 3017 3652 sumendum,

615 3675 699 3739 ita
759 3679 831 3739 ut
891 3695 1108 3741 sensus
1176 3678 1296 3741 sit:
1365 3679 1488 3743 Lex
1541 3679 1689 3743 data
1733 3683 1883 3757 erat,
1950 3680 2035 3743 ut
2099 3685 2600 3763 augerentur
2666 3682 3016 3763 peccata.

615 3775 975 3843 Ultimus
1043 3776 1181 3842 finis
1248 3777 1408 3861 legis
1475 3779 1656 3844 datae
1720 3780 1933 3863 utique
1998 3798 2120 3845 non
2189 3783 2322 3846 erat
2384 3785 2907 3865 augmentum
2966 3781 3017 3841 et

615 3895 647 3943 a
667 3879 707 3943 b
727 3879 879 3943 111111
899 3895 987 3943 an
1011 3878 1122 3941 tia
1164 3878 1587 3959 peccatorum3
1632 3880 1749 3945 hoc
1771 3881 1939 3944 enim
1964 3884 2128 3945 esset
2160 3882 2218 3945 D
2238 3900 2320 3946 eo
2365 3886 2621 3965 peccata
2646 3882 3015 3954 adscribere;

611 3983 727 4059 1111,
783 3979 871 4043 uti
919 3979 1047 4063 ipse
1091 3978 1405 4061 apostolus
1453 3980 1629 4045 docet
1662 3981 1746 4065 (7,
1797 3979 1943 4065 10.),
1990 3982 2229 4064 proprie
2252 3982 2400 4047 data
2424 3986 2575 4061 erat,
2621 3984 2693 4047 ut
2714 3983 3015 4047 hominem

611 4079 975 4163 perduceret
1019 4079 1095 4143 ad
1155 4079 1441 4159 vitam,
1512 4082 1649 4145 scil.
1716 4101 1945 4162 veram,
2012 4084 2089 4147 ad
2155 4086 2469 4149 aeternam
2531 4085 2801 4149 salutem
2872 4081 3013 4167 (coll.

611 4179 835 4243 matth.
887 4183 987 4259 192
1035 4182 1130 4245 16.
1179 4179 1326 4265 17‚)‚
1371 4184 1442 4245 ut
1485 4182 1761 4263 peccata,
1827 4202 2018 4266 quum
2084 4185 2180 4248 lex
2226 4202 2299 4248 ea
2342 4185 2717 4268 prohiberet,
2790 4186 3013 4252 minu·

615 4287 951 4347 crentur
995 4283 1055 4347 et
1097 4285 1698 4347 coercerentur.
1745 4283 2009 4349 Factum
2054 4288 2265 4349 autem
2313 4286 2427 4364 est,
2474 4305 2599 4352 non
2641 4306 2714 4351 ex
2758 4285 3014 4351 indole

611 4387 867 4467 legia,
915 4403 1068 4467 quae
1113 4384 1274 4468 (coll.
1323 4382 1499 4448 Rom.
1550 4383 1607 4462 7,
1659 4384 1787 4468 12.)
1834 4386 2119 4451 sancta
2185 4387 2335 4467 erat,
2382 4389 2491 4452 sed
2536 4408 2607 4452 ex
2674 4389 3012 4454 vitiatae

615 4487 651 4551 h
675 4507 795 4551 11111
819 4507 907 4551 1111
935 4507 1015 4551 ae
1078 4488 1424 4553 naturae
1487 4485 2006 4571 concupiscentia,
2072 4490 2144 4552 ut
2208 4489 2345 4571 lege
2391 4489 2536 4554 data
2578 4495 2903 4557 consecuta
2943 4485 3014 4552 sit
