3234 4992
1229 308 1233 311 Δ
1323 246 1433 298 cap.
1460 248 1537 289 11.
1565 259 1611 289 v.
1638 249 1678 288 ε.
2594 253 2717 317 133

251 431 323 492 ut
398 433 762 511 appareat,
849 431 1059 514 ipsum
1146 451 1280 497 esse
1344 433 1790 517 genuinum
1856 434 2276 517 (germanum)
2340 437 2709 513 Iarafflitam,

248 532 470 613 utpote
535 530 618 595 de
689 533 937 597 semine
996 532 1447 599 Abrahami
1509 539 1736 613 ortum,
1796 535 1836 598 i.
1884 554 1932 598 e.
1996 537 2332 601 secundum
2396 537 2709 601 carnalem

249 632 749 713 generationem
810 633 1162 713 Judaeum,
1233 655 1352 701 non
1419 637 1965 719 proselytum3
2025 674 2109 683 —
2164 637 2288 701 ima
2348 637 2420 701 da
2484 637 2709 701 trihu

246 732 754 816 BenJamin,
805 736 1030 817 quibus
1077 736 1283 802 verbis
1326 738 1529 802 adhuc
1572 738 1778 821 magis
1841 741 2124 802 accurate
2184 757 2356 801 auam
2404 741 2705 821 originem

245 832 598 899 Judaicam
689 837 1092 902 determinat6
1204 839 1433 904 Tribus
1514 839 1948 922 BenJamin
2025 856 2292 903 unacum
2372 841 2584 905 Juda
2648 841 2709 905 at

243 935 444 999 Levi
497 936 546 1001 J
550 937 803 1002 ehovae
848 938 1050 1003 fidelis
1095 940 1457 1021 permansit,
1505 941 1656 1005 dum
1702 939 1975 1022 reliquae
2020 940 2098 1004 ab
2144 957 2212 1005 cu
2260 941 2608 1005 defecerint.

448 1036 533 1102 V.
585 1039 648 1102 2.
703 1039 907 1117 „Non
948 1039 1176 1125 repulit
1199 1040 1369 1103 Deus
1399 1040 1707 1127 populum
1751 1062 1944 1117 suum,
1988 1061 2155 1125 quem
2196 1041 2584 1125 mammarii-‘⁶'
2624 1081 2709 1089 ἡ

242 1136 342 1201 Sic
391 1138 641 1203 iterum
691 1142 930 1223 apertis
985 1141 1191 1206 verbis
1238 1142 1439 1225 rejicit
1479 1143 1654 1207 illam
1693 1142 1920 1207 falsam
1956 1143 2396 1207 collect-ianam.
2448 1141 2701 1205 Varhia:

241 1257 483 1319 quem
549 1242 1032 1323 praescivit
1096 1243 1424 1308 confirmat
1487 1244 1915 1325 antegressam
1993 1244 2504 1321 declarationem,
2580 1261 2701 1325 qua

240 1338 503 1418 dixerat,
553 1343 776 1407 Deum
824 1361 946 1407 non
989 1344 1296 1426 repulisse
1341 1346 1641 1428 populum
1689 1364 1893 1422 suum,
1954 1346 2044 1409 ita
2102 1349 2172 1409 ut
2236 1365 2536 1409 aenaria
2580 1345 2697 1409 sit:

244 1439 410 1504 Deus
474 1460 609 1507 non
671 1446 883 1526 potuit
943 1444 1362 1510 Israeliticum
1419 1446 1721 1528 populum
1781 1446 2252 1511 universum
2320 1465 2440 1525 qua
2504 1445 2697 1509 talam

237 1543 576 1624 repulisse,
655 1563 854 1627 quum
926 1565 1069 1609 eum
1137 1547 1215 1610 ab
1278 1549 1525 1611 aeterno
1591 1548 1665 1611 ut
1729 1547 2027 1629 populum
2094 1565 2276 1610 suum
2344 1553 2404 1609 et
2472 1545 2697 1609 Christi

240 1641 430 1707 fidem
505 1648 1030 1729 complexurum,
1100 1648 1359 1729 ideoque
1424 1648 1543 1712 sibi
1611 1648 1859 1712 fidelem
1927 1647 2224 1725 futurum,
2304 1649 2693 1729 praeviderit.

242 1744 332 1807 De
377 1747 582 1812 verbo
631 1752 924 1830 προέγνω,
972 1750 1474 1833 praescivit,
1529 1751 1688 1814 conf.
1737 1751 1903 1815 dicta
1948 1751 2005 1829 8,
2051 1750 2150 1815 29.
2204 1789 2272 1793 -
2324 1749 2444 1813 Per
2476 1749 2697 1813 verba:

241 1850 656 1929 populum
693 1870 920 1916 suum
960 1851 1406 1933 intelligendus
1430 1853 1527 1915 est
1547 1851 1925 1915 Israeliticus
1948 1852 2208 1935 populna
2236 1853 2564 1913 univers
2584 1869 2693 1929 ua,

243 1964 364 2010 non
429 1951 649 2015 solum
709 1953 907 2017 Israel
966 1953 1450 2035 spiritualis
1514 1953 1607 2034 (in
1668 1951 1986 2016 Christum
2045 1953 2344 2025 credens),
2404 1989 2488 1997 —
2548 1953 2693 2029 „Aa

242 2050 506 2129 nescim,
571 2054 734 2139 quid
793 2054 1104 2139 scriptura
1147 2051 1317 2115 dicat
1365 2054 1433 2115 in
1492 2052 1645 2116 Elia
1660 2053 1728 2115 &W
1792 2091 1863 2101 —
1924 2052 2336 2117 Israelitissum
2392 2053 2693 2133 ‘papulum

241 2152 742 2218 universum
783 2173 906 2219 non
942 2155 1134 2219 fuisse
1171 2155 1361 2218 aDeo
1407 2154 1729 2237 rejectum,
1778 2155 2090 2237 apostolus
2133 2171 2296 2217 nunc
2344 2153 2424 2235 [v.
2476 2153 2693 2237 2-ῌ.)

245 2268 444 2317 novo
491 2256 877 2338 argumento
922 2255 1064 2319 inde
1109 2254 1348 2336 probat,
1396 2255 1555 2337 quod
1615 2274 1686 2319 ex
1745 2253 2147 2338 popularibus
2208 2257 2400 2337 ipaiua
2448 2257 2689 2321 coaevis

243 2368 386 2415 non
431 2372 728 2420 omnes
774 2356 1043 2420 fuissent
1076 2356 1398 2432 increduli,
1445 2356 1552 2419 sed
1593 2356 1800 2438 plures
1834 2374 1871 2419 a
1911 2354 2188 2433 Judacis,
2236 2357 2352 2417 fide
2400 2361 2693 2441 auscapta

247 2451 524 2535 adoptati
594 2458 747 2521 sunt
802 2458 866 2520 in
931 2457 1230 2540 populum
1277 2457 1391 2520 Dei
1436 2456 1510 2521 N.
1559 2457 1630 2521 Τ.
1676 2461 1739 2520 et
1795 2457 2127 2539 participes
2188 2457 2336 2521 facti
2392 2457 2689 2521 bonarum

250 2556 478 2635 populo
540 2558 667 2622 Dei
727 2556 804 2621 N.
855 2558 926 2621 Τ.
987 2557 1462 2639 promissorum,
1527 2557 2051 2641 quemadmodum
2113 2561 2176 2621 et
2244 2557 2480 2621 Eliaa
2548 2577 2689 2641 prr·-

247 2653 466 2733 phctae
527 2659 918 2742 temporibus
988 2676 1111 2722 non
1175 2677 1288 2723 om
1312 2677 1450 2722 nes
1505 2659 1826 2724 Israelitae
1898 2676 1935 2723 a
2006 2660 2176 2723 cultu
2252 2661 2376 2721 rari
2436 2661 2552 2721 Dei
2608 2661 2689 2725 ad

249 2754 671 2825 idololatriam
720 2760 1099 2825 defecissent.
1154 2798 1223 2807 —-
1276 2760 1600 2825 Formul'a:
1649 2778 1741 2823 an
1786 2778 1827 2822 n
1852 2760 2154 2823 escitis
2200 2757 2264 2841 (ἦ
2316 2761 2420 2821 οὐκ
2464 2761 2685 2833 uitiata}

251 2854 503 2925 inservit
548 2863 898 2926 revocando
944 2863 1019 2927 ad
1067 2862 1435 2926 memoriam
1480 2880 1633 2938 rem,
1681 2879 1867 2943 quam
1915 2860 2151 2924 nescire
2196 2865 2372 2941 turpe
2424 2861 2524 2937 ait,
2572 2865 2685 2925 aut

252 2958 434 3023 etiam
497 2964 722 3041 talem,
787 2982 943 3045 quae
1003 2964 1332 3027 notissima
1392 2962 1491 3038 sit,
1553 2965 1624 3025 ut
1667 2961 1728 3025 h.
1776 2962 1817 3025 l.
1864 2960 1967 3044 (cf.
2019 2961 2071 3024 1.
2124 2960 2252 3025 Car.
2300 2961 2360 3037 9,
2408 2961 2552 3045 24),
2606 3001 2681 3005 —

251 3060 303 3119 ἐν
341 3059 550 3142 Ἠλίᾳ,
617 3064 694 3127 in
751 3064 966 3142 Elia,
1029 3065 1065 3127 i.
1138 3083 1191 3126 e.
1251 3063 1317 3125 in
1375 3080 1443 3126 eo
1501 3081 1550 3126 s,
1611 3062 1951 3144 scripturae
2011 3062 2164 3139 loc0,
2232 3061 2340 3125 ubi
2408 3061 2480 3125 da
2548 3061 2685 3125 Elia

251 3177 448 3228 sermo
513 3167 635 3233 est.
725 3165 931 3230 Simili
989 3165 1168 3228 modo
1233 3162 1457 3245 legitur
1519 3163 1680 3245 apud
1747 3162 2104 3226 Marcum
2172 3161 2300 3245 (12,
2360 3161 2524 3245 2⁷53:
2588 3165 2681 3225 ἐπὶ

251 3269 353 3325 τοῦ
409 3264 630 3345 βάτου,
688 3268 771 3331 in
831 3267 1065 3344 rub0,
1111 3268 1148 3330 i.
1198 3286 1248 3330 e.
1306 3267 1368 3331 in
1429 3281 1499 3329 eo
1557 3263 1894 3346 scripturae
1948 3265 2103 3344 locO,
2164 3265 2264 3329 ubi
2328 3267 2420 3329 sat
2480 3285 2681 3329 sermo

254 3364 324 3427 de
368 3369 523 3434 rubo
572 3368 832 3433 ardenti.
921 3369 1038 3433 Est
1080 3370 1144 3431 in
1188 3368 1287 3431 his
1333 3366 1599 3431 formula
1644 3365 1881 3429 citandi
1924 3365 2116 3430 libros
2164 3385 2364 3429 sauma
2408 3365 2681 3449 antiquis

251 3465 522 3535 rabbinis
572 3470 821 3546 usitata,
870 3469 977 3551 qui
1004 3472 1175 3532 certa
1199 3470 1535 3551 scripturae
1568 3468 1721 3547 loca,
1768 3467 1878 3532 ubi
1912 3468 2065 3532 haec
2088 3469 2184 3533 vel
2212 3469 2320 3533 illa
2364 3469 2677 3549 leguntur,

252 3570 354 3630 aut
377 3573 867 3636 commemorato
904 3570 1152 3633 nomine
1195 3586 1626 3652 personae,
1675 3569 1845 3633 loci
1886 3570 1985 3633 vel
2031 3569 2176 3645 rei,
2224 3569 2400 3653 cujua
2444 3569 2677 3633 ibidem

253 3672 575 3755 praecipue
622 3672 857 3736 mentio
903 3670 993 3747 fit,
1040 3674 1148 3736 aut
1195 3672 1386 3735 etiam
1422 3669 1627 3735 verbis
1674 3670 2020 3734 initialibus
2056 3670 2325 3735 indicare
2372 3673 2669 3737 solebant.

256 3804 325 3814 —
393 3820 431 3851 „
442 3772 710 3849 Quando
776 3773 1163 3858 conqueritur
1230 3771 1402 3858 apud
1466 3770 1666 3833 Deum
1745 3771 1821 3834 de
1900 3770 2155 3835 Israalf‘
2260 3773 2468 3837 'fferha
2528 3773 2677 3837 hacc

254 3874 518 3950 pendent
564 3894 601 3940 a
644 3875 886 3940 verbis:
935 3873 1040 3936 οὐκ
1086 3877 1300 3935 οἰδατε.
1349 3910 1421 3917 -
1471 3870 1808 3953 ἐντυγχάνει,
1856 3874 2268 3955 conqueritur,
2316 3873 2444 3937 acii.
2484 3873 2670 3937 Eliaa.

257 4005 328 4017 —-
373 3974 719 4060 ἐντυγχάνειν
778 3975 926 4038 κατά
986 4000 1145 4048 τινος
1203 3980 1330 4040 est:
1393 3992 1785 4038 accusare
1845 3974 2248 4056 aliquem,
2296 3977 2669 4057 conqueri

256 4070 340 4136 de
383 4080 682 4161 aliquo.
768 4078 1056 4161 Idipsum
1102 4079 1238 4142 vult
1282 4077 1481 4140 dicere
1527 4082 1744 4139 auctor
1768 4074 2096 4158 Vulgatae,
2146 4077 2248 4157 qui
2292 4077 2520 4141 hahet:
2568 4081 2673 4141 irr-

256 4176 647 4261 terpellat
709 4181 1145 4244 adversum
1207 4179 1436 4255 Israc13
1498 4176 1641 4259 quia
1703 4177 2244 4260 interpellare
2312 4181 2673 4261 aliquem

257 4272 406 4343 inter
483 4282 636 4347 alias
704 4282 895 4346 etiam
974 4282 1150 4345 notat
1216 4281 1572 4362 aliquem
1642 4280 1899 4358 adire,
1968 4280 2068 4343 vel
2132 4281 2204 4345 ad
2268 4301 2476 4361 pracaa
2536 4301 2673 4365 pra

259 4376 452 4460 aliquo
495 4383 828 4461 faciendas,
875 4383 973 4446 vel
1017 4382 1429 4446 adversus
1476 4400 1640 4460 cum,
1691 4381 1848 4463 quod
1894 4381 2060 4445 idem
2094 4385 2188 4448 cst
2236 4401 2340 4449 aa:
2384 4385 2673 4465 conqueri

259 4474 327 4539 de
369 4500 452 4548 eo.
515 4520 588 4529 -—
648 4484 870 4561 Locus,
933 4483 1038 4566 qui
1083 4500 1246 4547 nunc
1289 4501 1344 4547 v.
1385 4484 1440 4547 3.
1483 4485 1547 4546 et
1587 4484 1650 4567 4,
1721 4481 2067 4566 adducitur,
2130 4485 2528 4573 depromptua
2576 4493 2673 4557 eat·
