3234 4992
195 15 204 23 ,
231 0 553 43 μητῖττη.
608 0 612 3 ,

1234 264 1342 322 Gap.
1373 265 1455 310 111.
1480 278 1522 309 v.
1551 265 1693 310 9-10.
2592 267 2682 339 49

236 457 312 517 et
353 456 596 536 praeter
639 452 1049 519 intentionem
1090 455 1427 536 peccantiS,
1473 458 1776 537 quatenus
1797 455 1966 519 Deus
1988 473 2097 538 per
2118 472 2298 519 suam
2321 455 2669 538 potentiam

236 556 311 618 et
356 555 733 638 sapientiam
778 555 899 619 scit
923 574 994 619 ex
1017 556 1203 620 malis
1249 555 1470 621 elicere
1514 556 1557 621 b
1576 574 1612 620 o
1631 576 1674 620 n
1695 575 1733 621 a
1751 606 1766 636 ‚
1813 557 1877 620 et
1919 556 2220 639 quatenus
2264 557 2594 640 peccatum
2637 577 2677 623 a

232 655 376 720 Deo
435 657 727 739 punitum
793 656 1156 721 manifestat
1198 657 1317 721 Dei
1369 657 1818 741 Justitiam.
1909 656 2235 741 (Damnati
2289 658 2671 724 annunciant

229 756 305 820 in
351 760 674 822 aeternum
718 757 836 821 Dei
870 757 1230 841 justitiam).
1281 795 1358 804 —
1404 758 1891 823 Revertitur
1932 777 1981 823 s,
2027 758 2342 840 apostolus
2387 758 2467 823 ad
2509 758 2669 825 trac-

228 860 452 922 tatum
479 858 781 941 superiuS,
806 857 950 922 inde
974 877 1011 922 a
1031 877 1083 922 c.
1109 858 1169 935 2,
1198 859 1252 922 1.
1279 860 1593 942 coeptum,
1617 859 1821 924 hunc:
1867 858 2011 923 Non
2034 859 2235 924 solum
2277 859 2506 944 genti
2523 859 2673 939 les,

229 958 350 1021 sed
395 959 590 1022 etiam
634 959 679 1024 J
700 958 959 1023 udaeo
981 979 1010 1023 s
1057 977 1188 1023 esse
1233 960 1562 1024 sceleratos
1598 959 1937 1042 poenisque
1961 958 2182 1023 divinis
2206 959 2460 1042 dignos3
2508 962 2671 1044 quod

229 1058 513 1140 quidem,
563 1078 754 1142 quum
778 1076 826 1123 c.
852 1059 910 1122 2.
959 1079 1032 1124 ex
1072 1059 1227 1143 ipsis
1272 1061 1657 1126 Judaeorum
1703 1060 1978 1125 moribus
2012 1060 2314 1142 perversis
2358 1061 2579 1126 demo
2597 1081 2673 1127 n-

231 1179 265 1224 s
288 1161 515 1225 trass
536 1163 632 1239 et,
668 1165 730 1224 et
755 1161 931 1225 initio
955 1161 1178 1244 capitis
1200 1161 1385 1244 hujus
1407 1160 1487 1225 ab
1524 1160 2082 1244 exceptionibu
2100 1179 2129 1225 s
2165 1159 2564 1240 vindicasset,
2586 1198 2674 1210 —

229 1279 408 1325 nunc
450 1264 667 1344 utpote
711 1260 972 1327 Judaeis
1016 1263 1310 1343 loquenS,
1370 1262 1696 1346 aptissime
1754 1261 2081 1327 confirmat
2124 1260 2209 1346 (v.
2263 1262 2363 1328 10.
2407 1263 2471 1327 et
2513 1262 2672 1349 seq.)

231 1362 508 1427 diversis
551 1362 625 1427 V.
674 1362 746 1427 Τ.
792 1363 962 1427 lociS.

446 1462 524 1529 V.
569 1464 625 1530 9.
676 1462 892 1547 „Quid
933 1465 1165 1549 iyitur?
1227 1489 1374 1530 num
1404 1465 1880 1551 praestamuff?
1920 1501 2007 1513 —
2050 1463 2210 1530 Sunt
2252 1465 2409 1529 duae
2472 1465 2664 1530 inter-

231 1565 614 1648 rogationes.
661 1601 746 1612 —
789 1568 854 1626 τί
893 1562 999 1628 οὖν
1043 1566 1141 1631 est
1182 1567 1452 1632 formula
1494 1567 1990 1650 argumentantis
2032 1585 2104 1630 ex
2146 1569 2292 1631 ante
2358 1565 2542 1632 dictis
2607 1569 2672 1632 et

225 1666 474 1730 illaturi
517 1666 660 1730 inde
722 1668 1246 1748 consequentiam,
1316 1687 1502 1751 quam
1566 1668 1929 1751 repulsurus
1997 1667 2112 1744 sit3
2182 1685 2479 1733 sensus
2541 1669 2667 1733 est:

228 1766 404 1846 Quid
448 1767 846 1849 consequitur
887 1787 960 1832 ex
1003 1773 1148 1833 ante
1195 1770 1427 1834 dictis?
1501 1769 1674 1834 Num
1717 1772 2129 1853 praestamUS,
2175 1768 2215 1832 i.
2263 1787 2315 1833 e.
2364 1787 2663 1834 sumusne

225 1888 349 1934 nos
394 1868 439 1934 J
446 1869 624 1934 udaei
665 1870 1152 1951 praestantiores
1195 1870 1582 1954 gentilibus?
1624 1907 1710 1918 —
1750 1872 2114 1952 προέχεσθαι
2170 1869 2236 1933 in
2303 1869 2509 1934 medio
2570 1873 2668 1935 est

223 1971 402 2034 idem
444 1988 555 2034 ac:
603 1969 909 2053 ὑπερέχειν,
952 1989 1140 2053 prae
1159 1975 1414 2052 stare,
1461 1972 1845 2037 antecellere.
1894 2008 1973 2017 —
2012 1969 2323 2049 „Omnino
2356 1975 2541 2034 non“.
2584 2006 2668 2018 —-

223 2071 443 2136 Verba
487 2071 558 2133 οὗ
603 2070 843 2143 πάντας
882 2073 964 2136 in
1007 2091 1085 2137 se
1130 2075 1379 2138 tantum
1425 2073 1828 2150 considerata,
1894 2075 2153 2154 possunt
2197 2071 2489 2136 denotare
2533 2072 2663 2136 vel:

224 2192 270 2237 n
294 2191 331 2238 o
355 2192 398 2237 n
428 2174 796 2256 penitus,
828 2175 926 2238 vel
950 2175 1177 2240 etiam:
1222 2174 1556 2256 penitus
1586 2194 1772 2252 non,
1806 2192 2113 2257 prorsus
2142 2191 2326 2254 non,
2359 2173 2666 2238 omnino

224 2294 272 2338 n
289 2292 327 2338 o
344 2292 404 2338 n.
452 2275 514 2338 A
532 2275 600 2338 lt
617 2293 651 2338 e
671 2295 702 2339 r
719 2293 757 2339 a
773 2294 836 2340 m
881 2274 1398 2358 significationem
1433 2276 1636 2359 poscit
1658 2276 1985 2341 consilium
2009 2275 2278 2341 auctoris
2302 2293 2376 2339 ex
2398 2292 2661 2357 sequen-

226 2377 402 2442 tibus
449 2378 944 2460 cognoscendum
967 2426 983 2456 ,
1051 2378 1276 2462 quippe
1322 2395 1478 2460 quae
1536 2378 1891 2457 ostendunt,
1957 2376 2310 2461 apostolum
2354 2374 2442 2440 nil
2486 2395 2661 2459 prae-

225 2478 502 2544 stantiae
545 2480 879 2543 concedere
920 2479 1193 2544 voluisse
1236 2479 1501 2544 Judaeis
1525 2497 1671 2562 prae
1694 2479 2047 2562 gentilibus.
2096 2515 2176 2524 —-
2213 2477 2358 2542 Non
2380 2479 2665 2562 pugnant

224 2581 449 2645 tamen
494 2579 647 2644 haec
691 2598 836 2644 cum
880 2599 936 2644 v.
988 2582 1042 2644 1.
1092 2583 1155 2644 et
1195 2581 1292 2656 2.;
1355 2580 1444 2644 ibi
1490 2580 1659 2644 enim
1705 2580 1779 2644 de
1839 2578 2382 2656 ornamentis,
2448 2597 2487 2643 a
2530 2578 2660 2643 Deo

225 2683 504 2764 benigne
547 2681 725 2764 genti
767 2680 1144 2747 Israeliticae
1188 2681 1514 2759 concessi8‚
1583 2681 1659 2745 de
1704 2680 2022 2746 beneficiis
2067 2678 2436 2744 externis
2494 2677 2558 2763 (i.
2607 2698 2659 2744 e.

225 2784 308 2847 de
329 2783 490 2865 lege,
539 2782 881 2865 scripturiS,
927 2782 1269 2866 prophetiis
1294 2782 1459 2865 etc.),
1506 2781 1608 2845 hic
1632 2782 1841 2847 autem
1866 2782 1942 2845 de
1967 2780 2273 2864 dignitate
2318 2780 2652 2844 interna

225 2884 524 2968 loquitur,
593 2885 669 2948 de
711 2903 898 2949 vera
933 2884 1215 2967 justitia,
1283 2903 1320 2948 a
1363 2902 1484 2967 qua
1526 2884 1660 2948 sola
1717 2883 1986 2966 petenda
2030 2883 2129 2946 est
2170 2879 2443 2945 hominis
2512 2898 2661 2945 vera

227 2986 505 3070 dignitas
549 2986 612 3049 et
654 2987 1050 3068 praestantia.
1101 3024 1178 3033 —
1241 2985 1485 3064 „Antea
1545 2985 1705 3049 enim
1768 2984 2175 3048 convincimus
2188 3030 2208 3063 ,
2273 2979 2551 3046 Judaeos
2606 2989 2664 3044 et

233 3087 510 3154 Graecos
553 3109 754 3151 omncs
795 3109 918 3152 esse
958 3086 1068 3152 sub
1097 3093 1392 3173 peccato“
1406 3110 1430 3169 ,-
1470 3087 1509 3150 i.
1533 3106 1583 3150 e.
1617 3087 1750 3170 jam
1775 3086 1841 3149 in
1861 3084 2273 3168 superioribus
2295 3081 2372 3165 (e.
2403 3084 2456 3147 1.
2485 3081 2659 3166 0122.)

225 3189 506 3274 probavi,
550 3189 597 3254 J
599 3190 825 3254 udaeos
851 3192 912 3252 et
934 3189 1200 3272 gentiles
1225 3207 1442 3254 omnes
1467 3207 1603 3252 esse
1649 3191 1904 3270 peccato
1948 3184 2254 3252 obnoxios.
2302 3220 2389 3229 —-
2431 3183 2659 3248 Verbis

225 3293 329 3356 his
374 3290 594 3356 ratio
615 3309 788 3355 nem
836 3291 960 3368 dat,
1007 3309 1117 3355 cur
1160 3290 1395 3369 dixerit,
1439 3290 1484 3356 J
1488 3290 1713 3355 udaeos
1756 3288 2009 3353 omnino
2031 3305 2156 3351 non
2179 3285 2659 3368 praestantiores

226 3413 365 3460 esse
408 3391 772 3477 gentilibus.
823 3428 891 3439 -
944 3389 1361 3474 προαιτιοίομαι
1407 3390 1505 3476 (ex
1545 3389 1664 3472 πρὸ
1705 3393 1889 3454 antea
1944 3389 2008 3453 et
2064 3384 2371 3469 αἰτιάομαι
2414 3405 2659 3468 accuse,

231 3495 381 3560 dein
424 3492 749 3578 convinco)
794 3496 924 3558 est:
970 3497 1216 3559 antea
1261 3491 1669 3558 convinco.

440 3594 518 3661 V.
568 3595 666 3661 10.
728 3592 948 3672 „Sicut
1008 3595 1298 3680 scriptum
1361 3598 1506 3657 est‘ss
1561 3629 1648 3640 —
1691 3591 1926 3658 Omnes
1992 3592 2109 3658 sub
2176 3595 2433 3675 peccato
2498 3610 2655 3672 esse,

229 3696 541 3782 copiosius
587 3695 789 3760 adhuc
831 3696 912 3760 ad
955 3696 1402 3761 convincendos
1447 3693 1490 3760 J
1493 3695 1722 3760 udaeos
1742 3743 1759 3772 ,
1825 3714 1899 3759 ex
1961 3694 2288 3777 scriptura,
2355 3696 2657 3777 tanquam

227 3799 481 3882 propria
523 3815 736 3861 eorum
777 3796 917 3880 lege
963 3796 1061 3878 (ut
1104 3796 1265 3862 infra
1308 3816 1363 3861 v.
1414 3796 1511 3861 19.
1560 3794 1759 3881 dicit),
1805 3795 2029 3878 probat
2058 3796 2389 3878 apostolus
2436 3794 2650 3861 Utitur

228 3904 448 3965 autem
472 3919 527 3964 v.
559 3898 824 3964 10-12.
872 3898 1102 3963 talibus
1139 3899 1478 3980 scripturae
1500 3897 1675 3975 locis,
1722 3916 1877 3980 quae
1920 3896 2657 3961 universalitatem

226 3999 659 4085 perversitatis
703 3999 955 4064 moralis
999 3998 1321 4075 evincunt;
1368 3999 1509 4063 dein
1541 4018 1597 4063 v.
1630 3999 1897 4063 13-17.
1943 3998 2080 4062 loca
2102 3997 2405 4080 adjungit,
2433 3995 2653 4079 quibus

229 4104 544 4186 scriptura
585 4101 1449 4167 diversis'hominibus
1494 4100 1824 4166 diversa
1865 4099 2079 4163 vitia
2120 4098 2323 4162 inesse
2364 4098 2649 4161 testatur.

226 4204 304 4269 V.
357 4204 454 4269 18.
502 4204 734 4267 iterum
778 4203 857 4267 ad
899 4221 1166 4268 omnes
1209 4201 1477 4284 respicit.
1525 4236 1606 4249 -—
1652 4199 1895 4266 Oitatur
1926 4203 2135 4264 autem
2158 4198 2223 4262 in
2244 4195 2649 4280 sequentibus

225 4308 404 4371 locus
451 4304 684 4388 psalmi
731 4305 826 4369 13.
875 4303 960 4386 (v,
989 4301 1218 4388 1—7.)‚
1263 4303 1469 4386 prouti
1510 4303 1576 4367 in
1622 4300 2175 4385 Septuaginta
2218 4297 2459 4381 (nonin
2480 4297 2655 4363 textu

225 4405 540 4489 hebraeo),
595 4407 660 4468 et
693 4403 832 4488 jam
874 4403 1260 4487 temporibus
1304 4423 1352 4469 S.
1411 4401 1894 4486 Hieronymi
1955 4399 2299 4484 legebatur,
2368 4397 2654 4480 quamvis

227 4508 423 4574 codex
453 4505 514 4570 V
530 4509 610 4570 at
627 4504 650 4570 i
666 4523 700 4569 c
718 4523 755 4570 a
773 4524 816 4570 n
829 4524 872 4570 u
888 4523 918 4570 s
950 4505 1213 4570 eundem
1236 4508 1485 4569 tantum
1506 4502 1572 4569 in
1606 4522 1669 4567 m
1689 4521 1726 4568 a
1743 4522 1776 4566 r
1789 4521 1831 4590 g
1846 4501 1919 4566 in
1932 4520 1965 4567 e
1995 4499 2379 4583 adscriptum
2404 4498 2652 4666 {abeat

433 4621 806 4668 nomentanus.
