3234 4992
563 224 686 291 140
1495 219 1604 277 σαι».
1634 222 1760 267 vm.
1784 233 1831 267 v.
1856 222 2026 267 ιιι-ω.

561 410 698 473 tota
757 408 876 473 hac
941 408 1304 474 deductione
1362 408 1558 475 utitur
1613 429 1667 475 s.
1710 412 2030 495 apostolus
2091 418 2456 496 tempore
2513 408 2977 496 praeterito

560 509 843 593 (vocavit,
868 509 1252 592 justificavit,
1284 510 1675 595 glorificavit)
1697 513 1833 578 loco
1866 514 2227 598 praesentis,
2256 517 2329 579 ut
2360 532 2394 577 c
2411 532 2444 576 e
2464 531 2495 575 r
2511 514 2541 575 t
2559 510 2583 575 i
2599 513 2629 574 t
2646 529 2687 574 u
2707 510 2847 574 din
2867 529 2899 573 e
2919 530 2977 573 m

561 610 743 693 atque
773 606 1417 676 infallibilitate
1439 631 1502 676 m
1534 612 1715 677 istius
1737 613 1969 679 decreti
1990 615 2185 681 divini
2208 612 2517 697 significet
2533 612 2712 695 juxta
2743 628 2979 674 morem

559 711 1036 797 prophetarum3
1095 729 1239 776 nam
1299 712 1364 776 in
1421 713 1689 777 aeternis
1751 714 1869 779 Dei
1933 714 2198 780 decretis
2264 711 2615 798 praesentia
2672 712 2735 775 et
2772 709 2979 775 futura

561 814 706 875 sunt
760 811 954 876 veluti
1009 812 1486 896 praeterita.
1552 850 1625 859 —
1686 812 1747 878 S.
1812 815 2129 897 apostolus
2194 832 2341 897 ergo
2404 813 2577 891 dicit,
2646 810 2979 894 praedesti-

562 912 756 991 natos,
801 913 878 976 ad
923 911 1169 977 fidem
1205 914 1622 993 vocatum,
1663 914 2248 998 justificatum
2294 916 2357 980 et
2398 912 2978 999 glorificatum

560 1011 697 1090 iri;
757 1030 939 1077 omne
998 1012 1116 1077 hoc
1174 1013 1240 1077 in
1297 1012 1424 1079 illis
1485 1014 1869 1097 implebitur,
1928 1016 2071 1099 quia
2129 1019 2451 1082 aeternum
2505 1014 2626 1079 Dei
2669 1013 2980 1078 decretum

558 1130 682 1179 non
724 1116 932 1198 potest
996 1114 1238 1178 mutari·
1275 1116 1460 1198 atque
1505 1115 1752 1180 irritum
1791 1116 1987 1183 reddi.
2095 1115 2327 1196 Quodsi
2387 1119 2601 1181 tamen
2654 1114 2977 1197 justificati

557 1216 829 1298 pereant,
877 1213 971 1278 illi
1012 1232 1135 1279 non
1173 1216 1318 1279 sunt
1354 1217 1797 1297 praedestinati
1839 1217 1919 1282 ad
1960 1217 2474 1283 beatitatem
2520 1216 2977 1291 aeternam;

557 1334 680 1379 non
739 1318 886 1380 sunt
944 1320 1089 1380 vero
1147 1317 1226 1380 ad
1284 1317 1444 1380 hanc
1508 1317 1875 1382 beatitatem
1942 1318 2409 1401 praedestinati,
2475 1317 2620 1399 quia
2662 1316 2839 1380 Deus
2902 1313 2973 1378 ab

557 1419 804 1481 aeterno
824 1416 1149 1499 praevidit,
1174 1433 1278 1481 eos
1302 1435 1443 1482 cum
1465 1418 1667 1500 gratia
1689 1436 1809 1483 non
1833 1436 2029 1501 usque
2053 1418 2132 1483 ad
2154 1418 2341 1484 finem
2367 1416 2803 1500 cooperaturos
2824 1433 2969 1479 esse.

756 1516 830 1580 V.
879 1516 977 1581 31.
1026 1515 1243 1595 „Quid
1303 1518 1492 1603 iqitur
1535 1518 1800 1583 dicemus
1860 1518 1949 1581 ad
1989 1520 2135 1583 hacc
2153 1519 2223 1583 Ψ(
2272 1558 2345 1567 -
2393 1518 2619 1585 Verbis
2676 1518 2775 1583 his
2838 1533 2973 1599 apo-

561 1617 758 1681 stolus
814 1616 1073 1681 lectores
1139 1634 1285 1684 suos
1344 1618 1570 1684 invitat
1630 1621 1708 1684 ad
1766 1639 1907 1686 con
1928 1620 1999 1685 cl
2024 1620 2343 1685 udendu
2362 1638 2426 1684 m
2487 1639 2559 1684 ex
2622 1616 2972 1703 praemissis

559 1717 683 1800 (uti
743 1716 905 1781 infra
946 1717 1006 1796 9,
1055 1717 1205 1802 30.),
1270 1721 1453 1801 atque
1520 1720 1656 1785 vult
1714 1720 1946 1786 dicere:
2006 1718 2211 1800 Quum
2272 1722 2451 1785 tanta
2508 1719 2592 1785 sit
2656 1737 2805 1784 cura
2866 1716 2972 1781 Dei

559 1818 724 1883 circa
765 1821 1043 1883 nostram
1091 1817 1308 1902 (gratis
1364 1819 1879 1905 justificatorum)
1940 1821 2231 1899 salutem,
2287 1820 2435 1903 quid
2492 1820 2636 1886 inde
2696 1819 2969 1902 colligere

557 1936 888 2003 possumus
907 1922 940 1983 t>
1002 1917 1077 1982 Id
1144 1919 1412 2001 scilicet:
1479 1919 1601 1999 „Si
1657 1921 1829 1985 Deua
1873 1943 2000 2007 pro
2058 1920 2251 2002 nobis,
2316 1922 2453 2007 quis
2515 1930 2732 1985 contra
2787 1940 2895 1983 nos
2909 1916 2968 1980 Ψ(

558 2020 711 2085 Vult
757 2020 990 2084 dicere:
1055 2018 1123 2085 Si
1164 2021 1336 2086 Deus
1393 2022 1781 2104 omnipotens
1836 2041 1946 2106 pro
2002 2022 2177 2089 nobis
2238 2024 2385 2100 stat,
2446 2040 2591 2086 cum
2655 2022 2740 2085 sit
2796 2034 2964 2085 nemo

560 2122 687 2186 Deo
733 2120 1056 2204 potentior,
1105 2122 1242 2205 quis
1288 2122 1674 2188 adversarius
1711 2123 1920 2189 contra
1957 2142 2067 2189 nos
2106 2123 2195 2188 ita
2236 2122 2538 2206 insurgat,
2593 2125 2669 2186 ut
2712 2120 2967 2186 salutem

556 2222 833 2287 nostram
890 2222 1236 2305 impediat?
1290 2222 1524 2289 Eodem
1587 2241 1776 2288 sensu
1833 2223 2107 2307 loquitur
2166 2222 2487 2288 Christus:
2553 2222 2675 2305 „Et
2717 2240 2843 2286 non
2882 2238 2964 2283 ra-

555 2322 687 2406 piet
730 2339 876 2385 oves
935 2340 1108 2387 meas
1167 2322 1492 2406 quisquam
1555 2325 1630 2388 de
1697 2342 1886 2389 manu
1944 2342 2100 2389 mea.
2188 2324 2377 2389 Pater
2421 2341 2618 2401 meus,
2684 2322 2791 2405 qui
2835 2320 2964 2385 illas

557 2420 716 2485 mihi
779 2422 968 2501 dedit,
1028 2421 1224 2505 major
1279 2423 1564 2489 omnibus
1627 2426 1784 2489 est.“
1846 2424 2054 2510 (Joan.
2106 2426 2207 2504 10,
2250 2423 2400 2509 28).
2492 2420 2599 2489 Sic
2660 2422 2961 2506 apostolus

556 2521 865 2606 probavit,
930 2522 1092 2605 quod
1157 2541 1343 2605 supra
1407 2523 1486 2607 (v.
1553 2524 1687 2608 28.)
1752 2524 2199 2603 affirmaverat,
2270 2524 2504 2590 scilicet
2564 2541 2599 2588 o
2619 2524 2843 2589 mnia
2898 2522 2965 2585 in

557 2621 850 2686 bonum
899 2623 1335 2706 cooperari
1378 2623 1943 2708 diligentibus
1987 2626 2257 2691 Deum.

755 2723 830 2788 V.
877 2724 976 2789 32.
1023 2722 1198 2803 „Qui
1237 2723 1478 2810 quidem
1506 2726 1772 2811 proprio
1805 2725 1971 2789 Filio
2015 2747 2137 2790 non
2166 2726 2463 2811 pepercit,
2506 2724 2613 2789 sed
2646 2744 2768 2809 pro
2811 2720 2965 2787 nobis

557 2823 829 2890 omnibus
870 2824 1138 2889 tradidit
1176 2831 1372 2891 emn.“
1413 2862 1495 2873 —
1540 2825 1761 2891 Verbis
1818 2826 1917 2891 his
1978 2843 2057 2891 co
2074 2846 2116 2890 n
2133 2826 2192 2890 fi
2210 2828 2415 2890 rmat
2472 2826 2791 2909 apostolus
2836 2840 2960 2889 con—

560 2927 900 2993 clusionem
963 2931 1383 3011 antegressam
1445 2926 1528 3011 (v.
1575 2926 1738 3012 31.):
1798 2928 1969 2996 Deus
2015 2930 2127 3005 est,
2188 2927 2294 3010 qui
2346 2928 2471 2991 stat
2514 2944 2624 3010 pro
2668 2926 2853 2991 nobis
2896 2958 2959 2967 -

555 3031 1217 3112 argumentando
1293 3048 1330 3093 a
1390 3046 1637 3095 summo
1696 3028 1815 3093 Dei
1872 3046 2018 3113 erga
2076 3028 2358 3094 homines
2418 3045 2722 3106 amore,
2803 3025 2959 3109 quip-

554 3131 740 3214 pequi
782 3130 1024 3213 proprio
1069 3130 1228 3195 Filio
1273 3147 1383 3195 suo
1449 3147 1575 3194 non
1617 3129 1959 3219 pepercerit
2025 3148 2235 3194 eorum
2281 3128 2503 3193 salutis
2569 3146 2775 3193 causa.
2866 3125 2961 3191 Est

555 3231 1010 3314 argumentatio
1055 3250 1092 3296 a
1136 3232 1427 3315 majori
1471 3230 1549 3295 ad
1593 3230 1874 3295 minus,
1965 3233 2122 3292 ἰδίου
2181 3229 2243 3293 h.
2288 3230 2329 3293 1.
2378 3233 2475 3294 est
2518 3227 2959 3312 emphatice

557 3333 948 3411 sumendum,
991 3333 1032 3397 i.
1075 3352 1124 3397 e.
1167 3332 1323 3397 Filio
1364 3349 1475 3397 suo
1512 3330 1800 3410 naturali,
1846 3348 1985 3413 que,
2033 3350 2176 3396 cum
2223 3331 2307 3395 sit
2350 3329 2533 3394 unius
2579 3329 2959 3413 ejusdemquo

555 3449 704 3497 cum
764 3432 898 3499 Deo
941 3433 1129 3497 Patre
1190 3432 1580 3498 substantiae
1628 3430 1962 3515 (naturae),
2028 3431 2119 3496 nil
2176 3430 2402 3514 majus,
2470 3448 2583 3494 nec
2640 3448 2785 3494 suae
2833 3426 2955 3493 sub-

561 3532 828 3597 stantiae
890 3551 1120 3615 suoque
1182 3532 1350 3597 cordi
1412 3532 1815 3615 propinquius
1883 3532 2029 3613 quid
2087 3528 2297 3596 habet.
2352 3567 2420 3577 —
2487 3529 2590 3594 Ad
2647 3530 2959 3612 παρέδωκεν

563 3632 978 3716 supplendum
1023 3633 1117 3698 est
1157 3632 1256 3715 (ut
1298 3634 1357 3709 4,
1405 3632 1534 3711 25.)
1579 3636 1663 3704 εἰς
1702 3631 1996 3695 θάνατον.
2046 3669 2115 3679 -
2163 3631 2309 3713 ὑπὲρ
2350 3630 2518 3713 ἡμῶν
2560 3629 2817 3707 πάντων,
2870 3642 2957 3711 pro

561 3734 738 3800 nobis
782 3732 1190 3799 omnibus.
1282 3732 1569 3798 Christus
1628 3734 1927 3799 nimirum
1987 3733 2188 3815 quoad
2243 3732 2802 3798 intentionem
2848 3732 2958 3816 (vo-

551 3833 884 3921 luntatem)
927 3851 1038 3919 pro
1085 3833 1462 3898 omnibus
1507 3834 1779 3899 traditus
1824 3838 1919 3900 est
1964 3834 2129 3919 (coll.
2158 3836 2213 3898 1.
2261 3834 2420 3899 Tim.
2474 3832 2533 3912 2,
2579 3834 2637 3898 4.
2690 3834 2746 3897 1.
2794 3832 2955 3899 Joan.

553 3938 614 4017 2,
665 3937 772 4022 1.),
833 3938 904 4001 ut
964 3953 1177 4000 omnes
1235 3936 1501 3999 salutem
1558 3935 2028 4019 consequantur.
2074 3970 2160 3981 —-
2202 3932 2563 4014 „Quomodo
2621 3955 2746 3997 non
2798 3932 2956 3997 etiam

555 4060 690 4103 cum
733 4059 800 4101 eo
845 4036 1054 4100 omnia
1095 4032 1268 4099 nobis
1310 4033 1566 4099 donabit
1577 4035 1648 4099 Ψ(
1711 4036 2205 4119 Argumentatur
2249 4035 2565 4119 apostolus
2609 4053 2647 4100 a
2689 4053 2756 4098 m
2775 4052 2812 4098 a
2820 4026 2956 4117 jori

555 4140 635 4205 ad
680 4140 983 4203 minus:
1047 4136 1114 4201 Si
1172 4138 1340 4202 Deus
1385 4136 1618 4202 Filium
1680 4155 1863 4202 suum
1922 4137 2287 4215 naturalem,
2347 4154 2491 4219 ergo
2556 4138 2868 4201 summum
2906 4130 2955 4192 et

555 4240 679 4306 sibi
734 4239 1146 4318 carissimum,
1213 4240 1435 4305 salutis
1496 4243 1745 4305 nostrae
1806 4256 1996 4304 causa
2049 4238 2304 4303 tradidit
2346 4236 2411 4302 in
2468 4239 2756 4314 mortem,
2818 4230 2953 4299 certe

553 4340 928 4407 credendum
976 4345 1089 4421 est,
1151 4362 1294 4408 eum
1356 4360 1499 4407 cum
1557 4341 1666 4405 illo
1725 4341 1935 4405 omnia
1976 4340 2157 4406 nobis
2202 4341 2575 4405 donaturum
2620 4356 2776 4417 esse,
2822 4348 2949 4419 quae

553 4444 895 4513 necessaria
955 4445 1100 4511 sunt
1156 4444 1336 4511 nobis
1393 4442 1472 4508 ad
1533 4440 1975 4527 perficiendam
2038 4441 2305 4507 salutem
2349 4444 2643 4507 nostram.
2694 4477 2771 4488 --
2814 4432 2949 4521 χαρί-
