3234 4992
427 289 467 353 8
1473 281 1815 333 prolegomena.

430 470 549 538 cis
567 471 670 536 mi
731 471 810 536 ad
864 469 1229 556 religionem
1273 469 1679 536 christianam
1740 468 2058 553 proponit,
2120 467 2421 534 Romanis
2486 467 2857 534 tradendam

433 573 838 640 commiserit.
885 611 970 620 —
1013 573 1245 639 Utrum
1285 572 1502 639 lites
1553 572 1715 638 inter
1755 570 2027 637 Judaeo-
2082 572 2147 633 et
2212 568 2859 635 ethnico-christianos

433 675 624 740 etiam
667 675 922 755 Romae,
989 675 1082 740 uti
1123 675 1190 741 in
1233 673 1372 739 aliis
1415 673 1711 752 ecclesiis,
1766 675 1935 738 ortae
1978 671 2234 752 fuerint,
2280 673 2465 754 atque
2509 671 2861 755 apostolum

435 776 574 841 ideo
618 779 753 843 tam
797 775 932 841 fuse
977 775 1052 840 de
1096 773 1522 841 Judaismo
1568 777 1633 838 et
1673 771 2171 839 ethnicismo
2215 775 2402 856 atque
2426 773 2502 837 de
2535 772 2859 856 utriusque

432 877 512 942 ad
554 877 923 961 religionem
968 876 1370 942 christianam
1412 875 1827 941 relatione
1871 874 1996 959 (uti
2016 873 2301 940 nonnulli
2324 891 2468 938 cum
2494 893 2543 940 s.
2589 871 2767 958 Au'g
2783 893 2859 938 u-

434 997 465 1044 s
489 979 656 1044 tino
701 977 766 1043 et
805 978 1288 1061 Hieronymo
1331 977 1582 1062 putant)
1626 977 1815 1060 loqui,
1862 979 2030 1042 certo
2076 975 2198 1042 dici
2240 975 2472 1060 nequit.

1608 1229 1625 1248 .
1670 1179 1728 1245 3.

1083 1178 1697 1417 Argumentim
1750 1310 2213 1416 epistolae.

640 1485 923 1568 Epistola
986 1482 1140 1549 haec
1207 1484 1247 1548 d
1264 1502 1302 1548 u
1319 1501 1358 1548 a
1371 1483 1413 1549 b
1431 1502 1474 1548 u
1495 1501 1526 1548 s
1595 1485 1843 1549 constat
1909 1481 2317 1549 sectionibus:
2387 1482 2427 1546 d
2442 1500 2476 1549 o
2494 1501 2537 1566 g
2551 1500 2617 1546 m
2634 1499 2671 1546 a
2686 1483 2715 1546 t
2729 1481 2752 1545 i
2766 1499 2803 1546 c
2824 1499 2864 1546 a

441 1586 742 1652 nimirum
785 1589 848 1651 et
891 1605 933 1668 p
948 1604 979 1649 r
993 1603 1032 1650 a
1047 1601 1080 1649 c
1096 1585 1208 1650 tic
1222 1602 1260 1650 a
1304 1584 1440 1669 (seu
1484 1583 1923 1669 paraenetica).

647 1691 724 1753 1.
767 1686 1036 1752 Prima
1081 1685 1287 1767 sectio,
1353 1685 1846 1769 dogmatica,
1912 1684 2185 1751 continet
2226 1682 2432 1768 priora
2491 1682 2865 1748 undecim

438 1787 646 1873 capita
710 1786 788 1871 (c.
837 1787 1116 1872 1—11.)‚
1181 1787 1280 1853 cui
1345 1791 1560 1854 tamen
1627 1787 2033 1871 praemissum
2107 1784 2205 1850 est
2268 1803 2301 1848 e
2317 1803 2354 1848 x
2368 1801 2403 1848 o
2421 1803 2452 1848 r
2468 1783 2509 1849 d
2528 1783 2607 1850 iu
2621 1803 2687 1849 m
2754 1802 2865 1848 seu

438 1888 828 1974 prologus
872 1887 960 1972 (1,
1009 1888 1282 1974 1—17.)‚
1326 1889 1391 1953 in
1436 1906 1556 1972 quo
1602 1889 1922 1972 apostolus
1952 1885 2294 1971 praemissa
2338 1884 2570 1950 dedic
2588 1883 2864 1950 atione

439 1993 503 2056 et
546 1989 1053 2057 salutatione
1096 1993 1388 2056 consueta
1430 1989 1693 2074 (1-7.),
1761 1989 1890 2054 Deo
1931 1988 2251 2072 gratias
2308 1986 2491 2070 agit
2545 2003 2653 2070 pro
2699 1985 2865 2051 fide

437 2092 742 2158 lectorum
787 2094 850 2158 et
892 2110 1194 2176 magnum
1239 2111 1424 2158 suum
1468 2108 1571 2156 eos
1615 2089 1865 2156 videndi
1930 2090 1969 2155 d
1988 2109 2021 2154 e
2039 2089 2164 2154 sid
2180 2088 2293 2154 eri
2312 2107 2352 2153 u
2369 2107 2435 2153 m
2499 2086 2866 2153 manifestat

441 2193 762 2279 (8—15.);
816 2193 1014 2277 aperit
1055 2193 1122 2258 in
1165 2192 1287 2258 fine
1330 2191 1516 2277 hujus
1560 2191 1788 2258 exordii
1832 2191 1957 2277 (16.
2010 2190 2139 2275 17.)
2210 2187 2613 2275 praecipuum
2676 2187 2863 2272 hujus

442 2295 742 2379 epistolae
785 2295 1018 2373 thema,
1067 2295 1312 2359 dicens:
1357 2293 1877 2378 evangelium
1924 2311 2098 2359 esse
2144 2291 2541 2357 virtutem
2584 2289 2728 2354 Dei
2770 2289 2865 2355 ad

444 2397 800 2462 salutem
844 2394 1057 2461 omni
1112 2394 1520 2475 credenti,
1587 2395 1901 2460 Judaeo
1947 2395 2025 2460 et
2068 2392 2430 2470 ethni00‚
2500 2391 2644 2474 quia
2685 2389 2752 2456 in
2796 2409 2866 2456 eo

449 2496 883 2562 manifestatur
926 2495 999 2561 vi
1017 2514 1054 2561 a
1095 2496 1174 2561 ad
1213 2515 1242 2560 s
1261 2496 1333 2560 al
1351 2514 1391 2559 u
1407 2498 1434 2560 t
1451 2513 1484 2559 e
1500 2514 1564 2560 m
1603 2495 1767 2581 (tum
1810 2496 1891 2561 in
1908 2512 1942 2560 c
1957 2494 2000 2560 h
2016 2512 2051 2560 o
2070 2512 2107 2559 a
2121 2494 2150 2559 t
2164 2512 2199 2558 a
2216 2511 2281 2557 m
2314 2493 2380 2557 in
2394 2491 2860 2576 justificatione,

446 2601 584 2663 tum
639 2615 672 2662 c
687 2614 721 2661 o
739 2615 803 2661 m
824 2597 902 2680 pl
918 2597 1044 2661 eta
1059 2617 1125 2661 m
1191 2597 1257 2661 in
1300 2599 1550 2661 aeterna
1591 2596 2021 2679 beatitudine),
2087 2596 2386 2662 nimirum
2430 2614 2541 2680 per
2606 2594 2669 2659 fi
2690 2594 2730 2660 d
2751 2613 2783 2659 e
2800 2613 2866 2659 m

445 2698 511 2764 in
553 2699 598 2765 J
603 2717 780 2764 esum
826 2697 1161 2764 Christum.
1216 2697 1455 2762 Thema
1495 2698 1613 2764 hoc
1658 2697 1999 2765 absolvitur
2040 2697 2153 2762 tri
2170 2698 2213 2763 b
2229 2716 2271 2763 u
2287 2715 2318 2763 s
2360 2696 2677 2782 partibus:

537 2817 544 2822 ·
645 2800 702 2866 1.
788 2799 864 2864 In
908 2799 1111 2884 prim
1128 2817 1166 2864 a
1208 2801 1384 2882 parte
1428 2799 1514 2884 (1,
1570 2798 1795 2880 18—5,
1838 2798 1973 2882 21.)
2018 2798 2152 2883 agit
2196 2798 2271 2863 de
2336 2816 2377 2862 n
2394 2801 2530 2863 atu
2547 2816 2629 2862 ra
2683 2795 2870 2882 Justi-

445 2900 746 2969 ficationis
790 2920 900 2986 per
941 2900 1146 2979 fidem,
1195 2900 1257 2965 et
1299 2901 1586 2983 quidem:
1832 2889 1839 2893 ’

651 3003 726 3087 a)
773 3002 1160 3068 demonstrat
1187 3001 1701 3086 Justificationem
1745 3021 1788 3066 n
1804 3021 1837 3066 e
1853 3021 1887 3067 c
1903 3021 1936 3066 e
1952 3019 1981 3066 s
1998 3021 2027 3066 s
2047 3019 2085 3068 a
2098 3001 2166 3065 ri
2183 3020 2220 3066 a
2240 3019 2306 3066 m
2350 3019 2485 3066 esse
2507 3003 2641 3066 tam
2683 3018 2727 3083 g
2743 3018 2778 3065 e
2794 3019 2869 3064 n-

445 3103 696 3172 tilibu
717 3124 778 3184 s,
848 3121 1036 3190 quam
1079 3103 1457 3182 Judaeis‚
1525 3121 1720 3187 quum
1774 3120 1989 3169 omnes
2034 3121 2075 3186 p
2096 3119 2234 3168 ecc
2256 3105 2527 3168 atores
2574 3100 2737 3180 sint,
2808 3101 2873 3165 et

445 3207 583 3272 ideo
627 3205 922 3291 perniciei
965 3208 1249 3272 aeternae
1294 3203 1538 3271 obnoxii
1581 3203 1670 3289 (1,
1719 3203 1867 3268 18-
1884 3205 1944 3285 3,
1990 3204 2141 3287 20.).

645 3306 712 3391 b)
757 3308 971 3387 Docet,
1038 3327 1078 3393 q
1092 3326 1134 3372 u
1149 3325 1184 3372 o
1200 3326 1268 3372 m
1290 3323 1324 3372 o
1343 3307 1383 3371 d
1401 3325 1436 3373 o
1499 3305 1611 3371 illa
1668 3305 2029 3389 justificatio
2092 3302 2451 3370 hominibus
2518 3302 2864 3388 contingat,

445 3405 745 3472 nimirum
787 3427 898 3490 per
940 3407 1003 3472 fi
1018 3408 1058 3472 d
1075 3428 1107 3472 e
1124 3427 1188 3472 m
1233 3407 1298 3472 in
1341 3407 1386 3474 J
1389 3427 1565 3474 esum
1613 3405 1933 3472 Christum
1978 3406 2064 3492 (3,
2108 3403 2430 3489 21—31.).

650 3507 712 3590 c)
758 3507 1106 3572 Veritatem
1142 3507 1606 3592 justificationis
1653 3527 1761 3592 per
1820 3507 2008 3573 fidem
2064 3507 2131 3572 in
2176 3506 2493 3573 Christum
2557 3526 2598 3591 p
2616 3524 2646 3572 r
2668 3524 2703 3572 o
2722 3505 2765 3570 b
2786 3508 2872 3572 at

445 3627 518 3673 ex
563 3625 610 3671 s.
664 3607 1032 3691 scriptur
1053 3625 1090 3672 a
1132 3607 1208 3672 V.
1254 3607 1346 3685 Τ.,
1393 3609 1458 3672 in
1517 3626 1639 3691 qua
1697 3607 2064 3692 Justificatio
2130 3626 2238 3692 per
2302 3607 2493 3673 fidem
2557 3625 2593 3672 a
2610 3607 2653 3672 b
2671 3625 2701 3672 s
2720 3624 2817 3689 qu
2837 3626 2871 3670 e

447 3708 738 3794 operibus
803 3709 963 3793 legis
1027 3711 1092 3772 et
1170 3707 1651 3802 circumcisione·
1706 3710 1982 3794 exemplo
2054 3708 2114 3773 A
2138 3709 2177 3776 b
2197 3728 2229 3775 r
2251 3727 2288 3774 a
2308 3708 2352 3774 h
2374 3727 2413 3774 a
2434 3727 2499 3772 m
2521 3707 2544 3772 i
2621 3708 2873 3774 docetur

446 3811 544 3896 (4,ι
583 3807 856 3894 1—25.).

553 3909 560 3914 ’
653 3910 728 3997 d)
774 3911 933 3977 Dein
976 3911 1228 3977 disserit
1259 3912 1334 3976 de
1366 3911 1693 3994 praeclaris
1726 3911 1913 3996 hujus
1937 3910 2405 3996 justificationis
2451 3909 2823 3977 fructibu
2841 3927 2872 3976 s

446 4032 557 4079 seu
599 4032 632 4079 e
654 4012 780 4077 ffe
805 4031 838 4078 c
861 4013 991 4079 tib
1016 4034 1059 4079 u
1083 4033 1113 4080 s
1159 4011 1246 4098 (ὃ,
1295 4012 1570 4097 1-11.).

653 4114 714 4199 e)
761 4114 1041 4181 Tandem
1085 4133 1263 4181 com
1289 4135 1328 4199 p
1354 4113 1861 4181 arationem
1902 4112 2174 4179 instituit
2216 4113 2380 4178 iuter
2422 4112 2869 4192 Adamum‚

451 4219 766 4282 auctorem
789 4216 1029 4300 peccati
1053 4218 1115 4281 et
1136 4217 1376 4298 mortiS,
1423 4221 1486 4282 et
1507 4217 1670 4282 inter
1712 4216 1759 4282 C
1779 4217 1823 4282 h
1840 4235 1872 4281 r
1888 4217 1909 4281 i
1926 4235 1955 4282 s
1975 4216 2004 4281 t
2021 4235 2063 4281 u
2079 4234 2143 4280 m
2164 4263 2181 4296 ‚
2228 4217 2541 4281 auctorem
2577 4214 2868 4299 ,iustitiae

449 4315 514 4380 et
554 4316 718 4381 vitae
761 4316 848 4400 (5,
898 4317 1212 4398 12-21.).

657 4416 717 4479 2.
805 4417 881 4480 In
939 4422 1114 4501 parte
1181 4418 1257 4483 al
1280 4421 1360 4483 te
1379 4438 1410 4482 r
1429 4436 1466 4483 a
1532 4421 1612 4500 (c.
1680 4417 1894 4501 6-8.)
1958 4415 2227 4502 loquitur
2293 4417 2368 4481 de
2425 4416 2866 4500 justificatione
2958 4477 2961 4480 ,

453 4533 482 4584 s
501 4513 597 4579 ub
610 4513 637 4602 j
657 4533 690 4578 e
711 4531 745 4583 c
765 4514 829 4583 ti
847 4533 884 4584 v
901 4534 935 4585 o
1003 4518 1416 4599 considerata3
1481 4521 1544 4585 et
1586 4517 1835 4603 quidem
1901 4518 2172 4604 primum
2217 4517 2476 4584 occurrit
2542 4536 2580 4584 a
2596 4519 2639 4586 b
2659 4539 2701 4585 u
2727 4539 2757 4585 s
2783 4519 2866 4586 ui
