3234 4992
493 268 619 333 254

494 458 667 511 Esca
709 459 766 509 et
807 455 1020 523 potus
1065 467 1175 505 non
1221 454 1304 506 est
1336 466 1567 520 regnum
1604 451 1705 505 Dei
1761 451 2006 520 Figuli
2060 457 2115 508 et
2164 452 2306 506 luti
2369 450 2673 505 similitudo
2738 449 2873 518 quid
2926 449 2984 502 in

561 544 678 598 228.
1436 600 1442 607 ,
1828 538 2211 606 prophetarum
2262 541 2447 591 mente
2507 536 2792 604 significet,
2854 535 2985 603 quid

493 632 660 685 Esse
714 644 808 681 seu
859 624 1099 678 sedere
1161 623 1228 676 ad
1282 621 1555 675 dexteram
1605 622 1708 675 Dei
1828 636 1891 673 ex
1926 637 1967 673 s.
2004 621 2175 675 Paulo
2213 623 2329 675 161.
2370 623 2488 675 162.

563 713 691 782 quid
727 713 801 765 sit
835 710 950 763 141.
989 741 1049 750 -
1085 708 1220 761 Esse
1251 707 1310 759 in
1345 707 1563 762 Christo
1587 706 1706 760 145.
1758 703 1989 757 Filius
2025 706 2177 773 Dei,
2214 706 2317 759 filii
2334 706 2439 759 Dei
2468 706 2693 775 quinam
2730 704 2987 759 dicantur

492 796 924 854 Ethnicismi
958 793 1080 847 fons
1116 796 1199 846 est
1235 794 1518 862 peccatum
1551 791 1635 844 29.
1826 790 1907 845 16.
1944 790 2061 843 125.

493 880 951 949 Evangelium
1002 877 1135 947 quid
1186 876 1456 946 significet
1509 876 1591 928 16.
1637 904 1703 913 ——
1760 873 2176 927 Fornicatio
2213 873 2346 942 quid
2379 876 2467 929 33.

558 966 916 1034 Evangelium
933 980 1092 1018 suum
1111 962 1242 1031 quid
1260 964 1416 1016 vocet
1435 978 1476 1015 s.
1499 961 1704 1014 Paulus
1756 958 2030 1022 Frater,
2069 958 2199 1027 quid
2233 973 2335 1012 vox
2371 959 2503 1013 haec
2539 959 2818 1026 significet
2854 959 2942 1012 22.

557 1054 641 1106 41.
680 1084 739 1093 -
779 1048 1136 1117 Evangelium
1170 1048 1346 1100 virtus
1378 1046 1479 1100 Dei
1515 1045 1582 1099 ad
1618 1062 1703 1099 sa-
1758 1042 2091 1097 Fructum
2138 1044 2280 1097 ferre
2324 1043 2438 1097 Deo
2472 1043 2606 1112 quid
2642 1043 2719 1096 sit
2758 1044 2883 1097 101.
2925 1074 2985 1083 -

557 1138 732 1191 lutem
765 1136 849 1188 23.
887 1166 948 1175 —-
985 1132 1072 1187 Ad
1109 1132 1450 1198 evangelium
1489 1146 1701 1183 annun·
1824 1127 2089 1181 Fructum
2122 1128 2264 1182 ferre
2301 1129 2465 1183 morti
2501 1128 2618 1183 102.

557 1220 810 1275 ciandum
853 1233 988 1286 opus
1032 1220 1115 1270 est
1155 1216 1405 1284 legitima
1445 1216 1702 1270 missione
1757 1211 1914 1279 Fur,
1953 1213 2072 1280 quis
2104 1214 2223 1267 216.

557 1306 673 1362 179.
712 1337 772 1345 --
809 1301 1094 1370 Evangelii
1129 1300 1456 1370 praedicatio
1488 1301 1546 1354 in
1582 1302 1701 1353 toto
2311 1320 2418 1383 G·

555 1392 822 1444 terrarum
840 1387 968 1441 orbe
999 1386 1109 1455 jam
1131 1386 1264 1439 olim
1287 1386 1560 1455 praedicta
1583 1386 1702 1439 180.

488 1475 534 1529 E
547 1491 580 1529 x
593 1491 621 1529 c
634 1491 666 1527 a
679 1491 706 1527 e
719 1490 788 1527 ca
799 1489 827 1525 r
841 1488 868 1525 e
903 1470 1036 1540 quid
1071 1471 1146 1525 sit
1181 1470 1296 1527 186.
1758 1432 1803 1485 G
1818 1447 1850 1483 ⁸
1860 1431 1882 1483 1
1893 1447 1920 1484 θ
1933 1448 1964 1484 ⁹¹
1999 1431 2286 1485 chri⁸¹²i⁸¹²i
2322 1463 2374 1473 ···
2422 1448 2544 1500 ιΨθθ
2579 1432 2696 1487 220·

1757 1514 1896 1569 Gau
1912 1515 2099 1569 dium
2135 1517 2195 1569 in
2232 1516 2443 1585 Spiritu
2480 1533 2523 1570 s.
2556 1516 2674 1570 228.

1045 1613 1144 1674 F,
1756 1600 1805 1654 G
1820 1616 1847 1653 e
1860 1616 1897 1653 n
1910 1603 1936 1653 t
1950 1600 2043 1654 ile
2056 1616 2082 1655 s
2133 1601 2311 1669 legem
2360 1602 2619 1670 scriptam
2663 1599 2881 1653 habent
2927 1599 2985 1652 in

489 1744 740 1798 Falsus
776 1740 991 1795 testis
1028 1740 1147 1807 quis
1182 1739 1300 1794 216.
1820 1684 2074 1739 ⁰⁰rdibu⁸
2096 1685 2184 1740 4⁰·
2234 1716 2293 1727 ””
2330 1686 2478 1739 Ante
2504 1685 2786 1740 Christum
2826 1688 2988 1738 Orant

485 1829 704 1883 Festa.
758 1827 1047 1893 Perperam
1081 1822 1339 1877 haeretici
1373 1822 1536 1876 verba
1571 1837 1697 1889 apo-

554 1912 685 1967 stoli
720 1911 785 1965 de
826 1910 981 1963 festis
1019 1911 1074 1963 et
1105 1908 1329 1976 jejuniis
1367 1906 1698 1963 Judaeorum

1822 1769 2057 1823 oleaster
2082 1770 2198 1822 194.
2233 1800 2303 1810 -—
2338 1770 2643 1824 Gentilium
2666 1770 2891 1823 vocatio
2924 1770 2984 1822 in

1820 1854 2085 1923 populum
2131 1854 2233 1907 Dei
2281 1856 2338 1909 et
2384 1854 2454 1907 ad
2501 1854 2644 1908 bona
2682 1854 2755 1907 N.
2791 1854 2860 1909 T.
2898 1858 2981 1907 est

1818 1939 2064 2006 gratuita
2082 1938 2197 1991 155.
2220 1940 2334 1993 163.
2358 1940 2474 1993 165.
2493 1939 2613 1993 233.
2628 1968 2699 1977 -
2722 1938 2983 1993 Gentiles

555 1998 878 2066 d0t01que¹³t¹
912 1997 1102 2048 ⁰⁰¹¹f‘ra
1135 1992 1275 2046 fessf’a
1311 1995 1366 2045 π
1397 1991 1606 2060 jejunia
1628 1988 1697 2044 ab
1820 2023 2079 2077 dicuntur
2114 2038 2225 2075 non
2262 2055 2328 2063 --
2363 2039 2499 2090 gens
2536 2024 2651 2077 180.

551 2083 776 2137 ecclesia
805 2080 1066 2134 instituta
1097 2077 1214 2131 223.

484 2168 687 2223 Fides
733 2166 863 2234 quid
909 2165 982 2218 sit
1031 2182 1071 2217 s.
1110 2163 1281 2216 Paulo
1316 2162 1398 2218 25.
1437 2192 1498 2201 —
1533 2160 1696 2213 Fides

552 2256 635 2306 est
671 2254 823 2305 actus
859 2248 1174 2302 intellectus
1203 2252 1258 2300 et
1286 2246 1586 2301 voluntatis
1610 2245 1693 2299 19.

1753 2108 1982 2163 Genua
2025 2108 2329 2161 flectere
2376 2110 2507 2177 quid
2544 2108 2821 2176 significet
2858 2108 2980 2161 184.

1753 2194 1891 2249 Gen
1910 2210 1985 2247 us
2034 2193 2337 2247 humanum
2379 2194 2574 2258 habet,
2627 2194 2712 2247 uti
2763 2193 2979 2261 singuli

1817 2278 2079 2343 homines,
2118 2281 2354 2333 aetatem
2377 2278 2645 2333 infantiae
2681 2281 2739 2332 et
2762 2278 2980 2333 adoles-

1818 2365 2025 2418 centiae
2062 2365 2178 2419 105.

1751 2448 2043 2503 Gladius
2081 2450 2300 2518 signum
2330 2448 2469 2514 juris
2508 2451 2564 2502 et
2588 2448 2735 2502 necis
2760 2448 2885 2502 215.
2910 2476 2983 2489 -—

1818 2533 2045 2588 Gladius
2070 2534 2355 2588 christiani
2381 2536 2465 2587 est
2483 2533 2714 2587 verbum
2735 2533 2839 2585 Dei
2857 2533 2979 2585 220.

1749 2618 1996 2672 Gloria
2044 2619 2169 2672 Dei
2213 2618 2344 2687 quid
2380 2618 2499 2674 164.
2537 2650 2598 2659 -
2638 2617 2829 2672 Gloria
2872 2616 2980 2669 Dei

1815 2706 2032 2772 peccato
2068 2702 2339 2756 illustrior
2373 2701 2624 2755 redditur
2666 2717 2773 2769 quo
2808 2717 2979 2755 sensu

553 2368 614 2378 -
651 2336 753 2389 Est
787 2334 961 2388 omnis
984 2332 1231 2401 justitiae
1259 2331 1408 2385 radix
1427 2334 1483 2385 et
1501 2330 1694 2383 funda·

551 2422 800 2474 mentum
844 2418 928 2473 25.
975 2418 1058 2471 62.
1093 2417 1210 2471 169.
1250 2446 1306 2455 —-·
1346 2415 1605 2469 Nascitur
1641 2417 1697 2468 et

550 2506 878 2573 propagatur
929 2500 1133 2554 verbo
1191 2500 1377 2565 vivo,
1437 2516 1547 2553 non
1599 2514 1696 2567 per

549 2589 765 2643 literam
817 2588 1088 2640 mortuam
1141 2601 1183 2638 ε.
1234 2584 1530 2652 scripturae
1576 2585 1693 2638 179.

553 2704 614 2714 -
651 2673 752 2727 Est
788 2688 850 2725 ex
894 2670 1084 2723 auditu
1129 2669 1244 2722 178.
1282 2700 1343 2710 -
1381 2668 1696 2722 Necessaria

547 2758 618 2812 ad
651 2759 900 2823 salutem,
945 2770 1055 2809 non
1098 2758 1282 2808 tamen
1325 2753 1530 2807 sufficit
1579 2753 1695 2807 sola

547 2845 633 2899 25.
665 2874 735 2884 —
768 2842 882 2896 Nos
933 2840 1065 2894 facit
1117 2839 1362 2893 Abrahae
1413 2838 1554 2891 filios
1608 2838 1691 2892 65.

551 2960 612 2970 —
665 2927 828 2983 Fides
875 2925 1177 2995 justificans
1231 2939 1340 2977 non
1395 2926 1478 2977 est
1530 2922 1691 2989 nuda,

549 3013 642 3068 sed
680 3012 930 3083 operibus
966 3009 1237 3063 virtutum
1272 3011 1464 3063 ornata
1507 3009 1589 3064 61.
1623 3036 1693 3049 —

548 3100 693 3153 Hinc
744 3096 1105 3151 conciliantur
1145 3094 1436 3159 Paulus,
1485 3093 1690 3162 justifi-

548 3185 816 3237 cationem
851 3180 1097 3235 tribuens
1143 3179 1353 3245 fidei,
1400 3183 1456 3233 et
1499 3178 1532 3231 J
1547 3194 1618 3231 ac
1634 3195 1689 3231 o-

546 3268 670 3322 bus
694 3267 849 3320 illam
893 3264 1224 3334 operibus
1269 3263 1570 3318 attribuens
1605 3262 1689 3317 58.

551 3384 611 3394 -
647 3352 807 3405 Fides
843 3366 904 3402 ex
939 3350 1267 3404 Habacuc
1305 3352 1388 3403 est
1422 3350 1692 3403 eademac

549 3452 611 3490 ex
644 3435 858 3489 Paulo
894 3434 979 3488 26.
1014 3464 1080 3473 --
1113 3434 1249 3487 Fide
1296 3434 1568 3487 hominem
1599 3434 1690 3501 ju-

549 3519 786 3583 stificari,
823 3534 928 3587 quo
965 3534 1126 3571 sensu
1150 3518 1570 3586 intelligendum
1603 3518 1688 3571 24.

547 3604 633 3658 25.
649 3604 731 3657 55.
756 3603 838 3659 58.
863 3603 947 3657 61.
973 3632 1039 3640 -
1055 3602 1215 3655 Fides
1233 3604 1407 3657 cordis
1432 3604 1691 3671 (interna)

550 3693 606 3742 et
641 3686 900 3757 professio
934 3686 1060 3740 fidei
1099 3691 1316 3741 externa
1351 3688 1418 3741 ad
1456 3688 1690 3741 salutem

549 3772 844 3826 necessaria
876 3771 993 3825 176.
1027 3801 1096 3810 -
1128 3771 1288 3826 Fides
1329 3773 1690 3841 metonymice

550 3857 615 3910 de
647 3855 955 3925 praedicata
989 3854 1235 3909 doctrina
1279 3857 1570 3911 christiana
1604 3858 1687 3911 19.

550 3969 616 3980 -
652 3940 950 4008 subjective
989 3939 1054 3992 de
1099 3940 1426 4008 professione
1470 3942 1689 3995 christi-

551 4040 684 4077 anae
716 4023 996 4091 religionis
1029 4024 1112 4077 21.
1136 4054 1204 4063 —-
1229 4024 1388 4079 Fides
1424 4025 1488 4078 de
1523 4026 1691 4079 animi

550 4108 892 4177 persuasione
926 4112 1025 4162 aut
1057 4110 1386 4164 conscientia
1417 4111 1534 4163 221.
1569 4110 1688 4163 230.

553 4224 615 4235 -
660 4192 814 4247 Fidei
846 4197 1062 4249 nostrae
1117 4196 1404 4266 praecipua
1454 4193 1693 4262 objecta:

1814 2788 1899 2842 48.
1943 2818 2001 2828 -
2044 2786 2261 2842 Gloriae
2299 2786 2509 2841 Christi
2558 2786 2977 2855 comparticipes

1817 2874 2034 2938 erimus,
2061 2872 2106 2926 si
2132 2888 2254 2925 cum
2278 2887 2339 2924 eo
2362 2872 2715 2924 adversitates
2736 2868 2978 2939 patienti

1816 2958 1995 3011 animo
2015 2956 2251 3011 feramus
2267 2957 2384 3010 128.
2396 2985 2467 2995 —
2479 2956 2697 3010 Gloriae
2718 2954 2973 3009 coelestis

1812 3041 1937 3094 finis
1952 3042 2180 3096 ultimus
2205 3046 2290 3095 est
2308 3042 2484 3111 gloria
2494 3042 2599 3095 Dei
2620 3042 2819 3095 138.—-
2838 3041 2974 3097 Glo-

1812 3127 1921 3180 riae
1956 3127 2174 3181 futurae
2209 3126 2533 3195 magnitudo
2571 3142 2679 3179 non
2711 3129 2798 3179 est
2822 3141 2973 3179 com-

1812 3210 2067 3280 parabilis
2082 3211 2448 3279 magnitudini
2468 3210 2834 3264 afflictionum
2854 3211 2971 3264 128.

1816 3326 1873 3335 —-—
1892 3296 2209 3351 Glorificare
2224 3312 2319 3349 seu
2332 3296 2601 3350 celebrare
2616 3296 2795 3349 Deum
2806 3295 2971 3363 digne

1811 3381 2053 3435 valemus
2084 3385 2305 3435 tantum
2330 3398 2426 3450 per
2449 3381 2502 3437 J.
2524 3380 2829 3437 Christum.
2850 3380 2970 3436 250.

1746 3468 1999 3522 Graeci
2035 3467 2297 3520 dicuntur
2331 3467 2569 3533 gentiles
2604 3466 2688 3519 23.
2725 3466 2809 3518 24.

1746 3552 2034 3607 Gratiae
2070 3553 2223 3605 notio
2260 3552 2375 3606 185.
2414 3582 2480 3591 --
2519 3550 2708 3606 Gratia
2745 3550 2850 3603 Dei
2886 3552 2970 3603 est

1812 3637 1915 3690 Dei
1950 3636 2126 3701 favor,
2181 3636 2584 3701 benevolentia,
2636 3651 2789 3688 amor
2840 3650 2970 3700 erga

1809 3722 2055 3775 homines
2090 3722 2178 3775 83.
2216 3753 2277 3762 -
2316 3721 2537 3775 Gratiae
2582 3720 2848 3774 auxilium
2880 3720 2966 3774 97.

1808 3806 2027 3859 99.125.
2049 3806 2166 3860 197.
2205 3838 2266 3847 -
2306 3806 2497 3860 Gratia
2546 3809 2602 3858 et
2646 3821 2751 3873 pax
2784 3804 2873 3857 20.
2904 3834 2962 3843 -

1811 3890 2029 3945 Gratiae
2062 3890 2301 3957 agendae
2326 3889 2440 3943 Deo
2471 3906 2567 3958 per
2588 3889 2779 3943 Jesum
2808 3888 2964 3942 Chri·-

1810 3978 1959 4028 stum
2008 3975 2092 4028 21.
2127 3974 2246 4027 250.
2305 4004 2365 4014 -
2423 3974 2673 4029 Gratiam
2725 3977 2886 4027 vocat
2921 3989 2963 4025 s,

1811 4059 2014 4113 Paulus
2051 4057 2417 4127 apostolatum
2452 4076 2615 4113 suum
2650 4060 2733 4112 19.
2770 4059 2889 4112 206.

551 4278 1690 4347 incarnati0‚morsetresurrectio
1743 4279 1999 4333 Haeres
2035 4276 2139 4329 Dei
2186 4279 2270 4330 est
2317 4275 2650 4330 christianus
2688 4276 2808 4331 127.
2843 4276 2957 4330 128.

554 4360 758 4417 Christi
793 4365 873 4417 71..
909 4364 1281 4419 175.-—Fidei
1315 4364 1494 4432 gratia
1527 4363 1689 4415 aDeo
1745 4360 2125 4415 Harmonia
2168 4360 2229 4414 in
2275 4360 2496 4413 homine
2544 4362 2673 4413 ante
2726 4359 2954 4428 lapsum,

555 4446 806 4500 omnibus
843 4448 1024 4502 oblata
1060 4452 1145 4502 est
1179 4449 1382 4502 180.--
1403 4446 1566 4501 Fides
1591 4445 1691 4499 sub

553 4530 733 4583 vetere
767 4529 1113 4587 Testamento
1146 4532 1230 4585 52.
1263 4532 1348 4587 53.

1812 4444 2097 4497 dissidium
2131 4446 2254 4513 post
2286 4443 2505 4511 lapsum
2540 4445 2657 4500 113.
2694 4444 2814 4497 114.

1745 4527 2104 4582 Homicida
2138 4528 2256 4597 quis
2290 4528 2411 4582 216.
