3234 4992
2107 9 2110 10 ⁷
2321 0 2347 22 -1
2384 0 2402 5 '⁷
2436 0 2562 35 ‘1⁸52
2586 32 2655 46 ,Ὗ
2971 42 2983 50 ⁵
3036 31 3041 38 ,
3108 25 3112 27 ,
3170 30 3178 35 .

517 257 633 321 130
1554 251 1667 305 cap.
1689 254 1743 295 X.
1774 265 1817 293 v.
1847 253 1911 294 1⁹.
3135 0 3203 442 -ᾟ

3201 455 3202 475 1

513 441 881 505 (linationem
910 439 1219 524 evangelii
1259 458 1379 506 non
1409 441 1793 506 audierunt?
1834 440 2099 505 Excus
2120 438 2291 504 abil
2312 457 2389 503 es
2423 437 2692 503 fuissent
2711 437 2760 504 J
2762 438 2966 502 udaei

513 545 837 621 inereduli,
889 541 939 607 si
984 541 1289 625 evangelii
1333 544 1708 625 praedicatio
1767 542 1846 607 ad
1904 560 2006 607 eos
2053 559 2174 606 non
2218 541 2635 624 pervenisset3
2694 540 2795 605 ast
2836 541 2968 603 in-

517 661 705 709 oron
733 643 1044 709 nobiles
1105 647 1251 708 sunt
1309 643 1553 724 Judaei,
1615 663 1763 710 nam
1822 644 1960 727 jam
2026 642 2359 726 psalmista
2425 642 2969 725 praedicationem

517 745 825 829 evangelii
873 745 934 809 in
980 746 1109 808 toto
1171 746 1474 810 terrarum
1533 745 1681 811 orbe
1741 744 2061 827 praedixit,
2122 745 2269 809 dum
2316 743 2498 808 dicit:
2551 744 2723 822 „Imo
2768 764 2976 806 vcro,-

517 849 592 909 Ῑπ
641 869 869 909 orionem
913 854 1142 909 terram
1196 847 1386 910 coeivit
1444 868 1627 910 sonus
1670 868 1894 926 eoram,
1954 854 2009 909 ct
2063 867 2250 931 usque
2292 844 2380 908 ad
2405 844 2570 928 fines
2628 843 2793 907 orbis
2834 854 2975 907 ter-

517 973 733 1013 1-111-11111
793 947 976 1011 verba
1038 954 1307 1013 eorum.“
1391 949 1686 1013 Psalmus
1744 948 1846 1013 hic
1908 948 2038 1031 (19,
2096 946 2184 1032 5.)
2243 947 2486 1030 proprie
2544 946 2818 1028 loquitur
2880 946 2975 1009 de

517 1049 749 1113 ooolo
813 1048 1239 1128 astrifero,
1305 1050 1532 1131 ubique
1604 1050 1885 1114 locorum
1951 1049 2068 1113 Dei
2133 1049 2399 1131 gloriam
2469 1050 2831 1124 enarrante3
2912 1065 2969 1110 s,
3203 1128 3204 1131 Ἴ

521 1153 753 1213 Panlns
801 1169 943 1214 voro
985 1150 1176 1214 verba
1219 1150 1330 1215 illa
1377 1151 1640 1234 mystice
1684 1149 1873 1214 refert
1915 1151 1991 1214 ad
2039 1150 2613 1232 apostolorum
2676 1167 2972 1231 evange·
3200 1134 3204 1202 i

521 1253 709 1317 lioarn
753 1252 1275 1333 praedicationem
1322 1271 1430 1337 per
1487 1254 1849 1318 universum
1910 1252 2122 1318 orbem
2184 1256 2505 1317 terrarum.
2594 1250 2673 1314 Et
2720 1250 2969 1314 merito

517 1353 577 1417 id
625 1353 809 1429 facit;
877 1372 1021 1419 nam
1079 1357 1227 1418 tunc
1283 1355 1603 1438 temporie,
1666 1373 1786 1437 quo
1850 1373 1894 1418 s.
1944 1354 2180 1418 Paulus
2228 1354 2381 1418 haec
2426 1352 2772 1435 scripserat,
2814 1350 2973 1433 jam

525 1457 586 1517 in
649 1457 959 1537 plerisque
1004 1455 1287 1538 partibus
1333 1456 1569 1535 mundi,
1638 1457 1787 1521 tunc
1851 1457 1999 1534 noti,
2068 1454 2462 1537 evangelium
2532 1455 2663 1516 erat
2705 1470 2971 1516 annun-

525 1557 797 1629 ointnni;
845 1556 1007 1619 oerte
1067 1574 1208 1622 vero
1272 1555 1315 1622 J
1332 1557 1770 1623 udaeorum
1832 1559 2062 1622 terram
2094 1556 2471 1639 permeavit
2513 1553 2664 1618 haec
2704 1553 2973 1636 praedi-

521 1661 709 1733 ontio,
765 1661 829 1721 nt
873 1676 1053 1722 nemo
1098 1657 1480 1724 ‚Iudaeorum
1528 1678 1594 1723 se
1643 1677 1932 1724 excusare
1978 1664 2207 1741 posset,
2269 1675 2333 1721 se
2386 1656 2563 1720 illam
2607 1673 2727 1719 non
2775 1654 2971 1718 audi-

517 1761 697 1821 viooo.
737 1797 801 1805 -
833 1764 1101 1841 μενοῦνγε
1145 1761 1242 1824 est
1267 1759 1572 1843 particula
1593 1760 1865 1844 graviter
1909 1757 2472 1825 affirmantis:
2532 1755 2692 1819 imo
2744 1774 2967 1833 vero,

517 1861 637 1925 ita
685 1881 877 1925 nano
934 1860 1221 1943 (freilich,
1276 1860 1346 1945 ja
1406 1861 1615 1946 wohl).
1682 1903 1759 1917 -
1820 1858 2088 1943 φθόγγος
2142 1857 2353 1935 αὐτῶν,
2416 1857 2549 1923 scil.
2593 1855 2966 1939 εὐαγγελιζο-

517 1961 721 2041 μένων.
809 1961 1029 2026 Verbis
1074 1960 1260 2046 hujus
1305 1980 1522 2026 versus
1567 1962 1726 2047 (18.)
1772 1982 1821 2027 s·
1850 1962 2085 2028 Paulus
2131 1961 2320 2026 simul
2346 1961 2545 2039 docet,
2592 1959 2968 2043 gratiam

517 2065 757 2145 fidoi,
801 2081 911 2145 per
963 2081 1148 2145 quam
1215 2066 1311 2127 est
1352 2062 1604 2146 adoptio
1662 2064 1743 2128 ad
1798 2064 2100 2148 populum
2145 2062 2262 2127 Dei
2305 2061 2387 2127 N.
2432 2062 2503 2126 T.
2552 2064 2617 2125 et
2663 2061 2740 2125 ad
2786 2059 2968 2125 bona

517 2165 573 2229 oi
637 2165 958 2249 promissa,
1021 2182 1058 2228 a
1113 2164 1244 2230 Deo
1303 2163 1499 2228 fuisse
1561 2165 1984 2243 omnibus,
2046 2167 2110 2228 et
2163 2163 2558 2228 nominatim·
2597 2161 2640 2227 J
2655 2160 2965 2227 udaeis

521 2265 813 2329 oblatam.
3206 2319 3208 2353 ,

729 2365 801 2429 V.
857 2365 948 2429 19.
1015 2362 1183 2448 „Sed
1235 2364 1412 2429 dico:
1471 2366 1642 2429 Num
1703 2364 1902 2430 Israc'l
1959 2386 2082 2429 ‘non
2141 2363 2491 2451 coynovit?“
2577 2362 2966 2443 Quaestione
3207 2378 3208 2382 ’

521 2469 637 2529 hao
701 2465 1018 2549 apostolus
1080 2465 1204 2529 sibi
1265 2467 1606 2532 alteram
1669 2467 1823 2533 facit
1857 2466 2310 2551 objectionem,
2372 2484 2559 2549 quam
2623 2465 2816 2530 simul
2859 2485 2962 2529 re-

525 2565 701 2629 fellit.
793 2565 1089 2630 Poterant
1134 2567 1262 2632 scil.
1310 2567 1353 2634 J
1359 2568 1540 2633 udaei
1585 2572 1781 2633 semet
1836 2586 2143 2646 excusare,
2209 2587 2293 2647 se,
2353 2567 2641 2650 quamvis
2709 2567 2960 2649 praedi-

525 2669 829 2733 oationorn
877 2668 1300 2752 evangelicam
1359 2670 1685 2750 audierint,
1749 2670 1927 2736 illam
1988 2687 2110 2734 non
2173 2669 2743 2734 intellexisse.
2834 2667 2959 2733 Sed

525 2773 713 2833 otiam
757 2771 916 2833 hanc
938 2770 1389 2835 excusationem
1426 2772 1709 2856 reprimit
1753 2791 1799 2836 s.
1834 2772 2152 2856 apostolus
2196 2770 2346 2835 locis
2390 2790 2435 2834 s.
2465 2770 2953 2854 scripturae.

521 2873 797 2937 Addnoit
857 2871 1127 2953 primum
1185 2873 1390 2937 locum
1436 2874 1700 2937 Mosis
1761 2873 1971 2957 (Deut.
2040 2874 2141 2951 32,
2202 2871 2366 2956 21.):
2429 2871 2760 2951 „Primum
2805 2870 2960 2934 dicit

529 2973 761 3037 Moses:
809 2973 936 3057 EJo
981 2972 1069 3036 ad
1113 2973 1577 3037 aemulationem
1618 2996 1725 3038 vos
1766 2973 2039 3038 excitabo
2086 2996 2206 3060 per
2263 2996 2385 3037 non
2428 3012 2508 3022 —
2552 2984 2802 3060 ycntcm,
2843 2996 2959 3061 per

517 3085 745 3161 gentoni.
789 3075 1166 3160 insipientem
1211 3075 1298 3139 ad
1340 3077 1504 3140 iram
1547 3098 1653 3141 vos
1683 3076 2097 3163 provocab0.“
2140 3114 2225 3123 —
2268 3080 2506 3159 πρῶτος
2542 3081 2638 3143 est
2664 3080 2762 3144 vel
2785 3079 2957 3143 idem

521 3197 589 3241 ao
637 3173 932 3261 πρότερῡς,
991 3178 1216 3260 prior
1260 3176 1467 3260 (Joan.
1520 3180 1575 3257 1,
1626 3178 1724 3244 15.
1772 3180 1912 3244 Act.
1964 3180 2019 3258 1,
2070 3178 2173 3262 1.),
2219 3182 2317 3245 vel
2363 3199 2501 3246 vero
2567 3180 2698 3245 vim
2760 3181 2958 3246 habet

521 3277 821 3345 adverbii:
881 3277 1231 3362 primum
1275 3279 1568 3364 (zuerst);
1629 3280 1929 3345 deinde
1990 3279 2273 3360 Jesaias,
2337 3300 2525 3364 quem
2594 3282 2957 3347 secundo

521 3381 653 3441 looo
697 3381 865 3441 oitnt.
913 3415 998 3426 —
1042 3378 1125 3441 ἐπ’
1177 3378 1284 3443 σῦκ
1329 3384 1505 3461 ἔθνει,
1551 3401 1696 3465 per
1738 3386 2309 3466 non-gentem,
2354 3383 2393 3447 i.
2434 3403 2487 3447 e.
2522 3402 2631 3467 per
2675 3387 2953 3467 gentem,

525 3497 677 3561 qnae
725 3480 967 3561 proprie
1011 3499 1132 3547 non
1177 3484 1272 3546 est
1313 3502 1488 3567 gene,
1533 3502 1691 3565 quae
1729 3484 1976 3549 nomine
2016 3484 2223 3567 gentis
2257 3484 2516 3568 indigna
2561 3488 2675 3549 est.
2722 3484 2955 3552 ‚Iudaei

525 3601 657 3645 soso
705 3584 1110 3648 nominabant
1154 3589 1524 3667 gentem,
1571 3588 1958 3670 populum
2016 3583 2137 3649 κατ’
2187 3586 2414 3669 ἐξοχὴν,
2472 3587 2752 3652 ethnicos
2808 3604 2954 3651 vero

525 3685 935 3765 contemptim
980 3684 1391 3768 designabant
1434 3687 1735 3769 tanquam
1779 3691 2346 3773 non-gentem,
2408 3690 2517 3753 aut
2567 3690 2755 3760 ἔθνος
2800 3686 2952 3750 ἀσύ-

521 3809 681 3845 111-11111
729 3785 1002 3869 [gentem
1051 3785 1469 3870 insipientem,
1517 3788 1662 3872 quia
1704 3788 1869 3854 idola
1929 3790 2120 3855 stulte
2183 3789 2525 3874 adorabat).
2572 3826 2659 3835 -
2702 3790 2777 3855 In
2820 3791 2952 3855 loco

525 3889 721 3949 oitnto
761 3887 894 3969 jain
942 3885 1094 3949 dicit
1134 3885 1377 3953 Jehova
1420 3890 1745 3970 Israelitis,
1794 3891 1955 3974 quod
2000 3891 2152 3976 ipse,
2199 3892 2346 3973 quia
2378 3910 2520 3956 eum
2562 3891 2955 3956 irritaverant

529 3989 585 4049 ot
633 3989 709 4049 ad
757 3985 911 4050 iram
959 3992 1437 4068 commoverant,
1487 3992 1753 4056 amando
1800 3991 1984 4070 idola,
2053 4011 2210 4074 quae
2256 3992 2339 4056 dii
2387 4010 2509 4057 non
2552 3997 2716 4070 sunt,
2765 3991 2948 4056 etiam

525 4089 665 4153 illos
713 4089 793 4153 oit
841 4088 1189 4154 irritaturus
1235 4092 1419 4172 atque
1453 4092 1530 4154 ad
1567 4091 1725 4156 iram
1770 4096 2211 4175 provocaturus
2237 4113 2343 4177 per
2366 4095 2620 4176 gentem
2670 4093 2948 4170 stultam,

525 4189 673 4253 dnn]
737 4193 821 4253 oio
889 4209 1068 4255 suum
1129 4208 1405 4256 amorem
1467 4192 1794 4257 subtrahet
1860 4194 2160 4277 illumque
2219 4194 2555 4279 gentilibus
2618 4194 2946 4282 exhibebit,

529 4293 709 4373 atquo
757 4293 845 4357 ita
893 4312 998 4358 eos
1043 4294 1122 4358 ad
1177 4292 1548 4377 zelotypiam
1615 4292 2154 4379 (aemulationem)
2217 4296 2592 4379 provocabit.
2638 4332 2726 4343 —
2772 4295 2947 4361 Com-

529 4393 785 4457 minatio
833 4395 982 4460 haec
1027 4397 1237 4460 autem
1291 4413 1478 4460 sensu
1524 4394 1875 4460 sublimiori
1918 4397 2182 4480 impleta
2226 4400 2322 4463 est
2367 4397 2690 4463 vocatione
2735 4401 2796 4461 et
2838 4396 2945 4460 ad-

533 4493 825 4557 missione
881 4496 1339 4579 gentilium
1398 4496 1477 4561 ad
1536 4495 1724 4560 fidem
1785 4498 1847 4562 et
1902 4498 2229 4564 ecclesiam
2288 4498 2366 4563 N.
2428 4497 2497 4563 Τ.
2546 4498 2704 4564 Vult
2761 4497 2947 4606 igitur
