3234 4992
614 250 739 317 100
1579 250 2039 302 cosmus-4.

616 433 956 511 marito:
1013 433 1327 499 Judaeum
1383 452 1525 499 vero
1587 435 1716 519 legi
1780 436 2133 520 subjectum
2196 434 2446 501 uxori.
2530 434 2661 499 Lex
2725 434 2788 497 et
2846 431 3023 497 homo

611 534 656 601 J
657 535 893 601 udaeus
941 537 1116 599 erant
1173 535 1571 601 matrimonio
1613 536 2029 604 indissolubili
2092 536 2401 621 copulati:
2469 535 2727 601 defectio
2795 552 2833 599 a
2893 533 3025 617 lege

611 636 745 701 erat
800 635 1325 701 adulterium.
1414 636 1803 722 Quapropter
1858 657 2039 722 saepe
2096 639 2165 703 in
2224 638 2301 703 A.
2349 638 2420 703 Τ.
2478 636 2817 715 Israelita,
2884 635 2941 699 si
2992 652 3027 697 a

611 737 747 802 Deo
774 738 1029 821 ejusque
1065 738 1203 822 lege
1225 738 1591 818 defecerant,
1632 740 2030 805 nominantur
2048 758 2205 824 gens
2240 739 2653 817 adultera,
2694 754 3023 818 eorumque

609 837 874 903 defectio
934 857 971 903 a
1027 838 1271 905 Jehova
1326 843 1535 905 autem
1595 841 2121 907 adulterium.
2184 880 2269 889 —
2323 840 2433 923 γὰρ
2489 840 2550 905 11.
2598 840 2638 903 l.
2686 841 2783 903 est
2840 838 3025 902 11111-

610 939 973 1005 strativu
994 960 1076 1005 m.
1121 977 1209 989 --
1251 940 1545 1025 ὕπανδρος
1585 942 1689 1024 (ex
1730 941 1847 1005 tino
1894 946 1959 1007 et
2000 942 2175 1028 ἀνηρ)
2218 946 2319 1008 est
2359 941 2735 1008 vocabulum
2770 937 3021 1005 Graecis

608 1040 926 1125 proprium
970 1042 1048 1106 ad
1093 1041 1537 1126 designandam
1581 1045 1929 1123 mulierem,
1990 1064 2149 1128 quae
2194 1047 2259 1109 in
2302 1042 2701 1110 matrimonio
2744 1040 2923 1116 vivit,
2969 1042 3023 1102 et

608 1159 762 1223 quae
804 1142 980 1225 proin
1026 1143 1254 1208 marito
1289 1144 1654 1228 obsequium
1676 1147 1992 1229 praestare
2035 1149 2317 1223 tenetur;
2360 1162 2509 1229 ergo
2552 1143 2851 1227 ὕπανδρος
2894 1139 3021 1223 γυνή

609 1244 703 1305 est
761 1242 1060 1308 mulier
1124 1244 1550 1324 maritata,
1616 1250 1829 1330 nupta.
1896 1283 1984 1295 --
2062 1256 2165 1326 τφ·
2225 1247 2402 1320 ζῶντι
2468 1246 2567 1312 est
2628 1246 2799 1310 idem
2872 1242 3024 1326 quod

606 1342 811 1425 prius:
873 1343 961 1423 ἐφ’
1018 1343 1156 1408 ὁσον
1198 1342 1405 1429 χρόνον
1457 1346 1557 1430 ζῇ.
1619 1384 1693 1394 -
1753 1348 1989 1432 Lege,
2050 1350 2184 1415 scil.
2232 1348 2506 1433 conjugii
2561 1346 2870 1413 obstricta
2914 1346 3021 1408 est.

606 1443 775 1509 Nam
830 1464 946 1511 vox
1009 1443 1224 1529 νόμος,
1297 1466 1454 1532 quae
1511 1449 1678 1532 apud
1736 1467 1786 1513 s,
1833 1450 2101 1515 Paulum
2164 1468 2346 1534 saepe
2405 1449 2658 1513 denotat
2718 1446 3023 1530 integrum

605 1546 1123 1629 Pentateuchum,
1167 1551 1370 1614 totam
1403 1550 1612 1635 legem
1636 1550 2000 1630 Mosaicam,
2043 1551 2106 1616 h.
2131 1550 2177 1616 l.
2202 1551 2527 1634 speciatim
2550 1551 2725 1616 notat
2767 1550 2842 1614 le
2859 1568 2902 1633 g
2918 1567 3022 1612 em

607 1665 642 1712 c
663 1665 758 1713 on
767 1648 791 1733 j
812 1650 1016 1734 ugii,
1063 1651 1420 1717 institutam
1464 1651 1528 1716 in
1573 1652 1861 1735 paradiso
1904 1651 2087 1735 (Gen.
2112 1654 2175 1732 2,
2218 1654 2386 1733 24.):
2434 1650 2813 1736 „Relinquet
2850 1649 3022 1714 homo

607 1748 848 1832 patrem
892 1754 954 1816 et
997 1755 1286 1833 matrem,
1351 1752 1416 1817 et
1473 1752 1831 1818 adhaerebit
1890 1754 2063 1819 uxori
2108 1753 2319 1818 suae.“
2407 1754 2545 1818 Hac
2600 1752 2740 1836 lege
2786 1748 3021 1815 mulieri

608 1868 734 1916 non
777 1854 911 1918 erat
946 1854 1051 1937 jus
1093 1872 1474 1933 concessum,
1537 1853 1834 1919 maritum
1892 1854 2285 1933 dimittendi:
2346 1854 2456 1919 sed
2512 1851 2863 1918 habebatur
2921 1867 3020 1934 pro

613 1953 912 2033 adultera,
958 1954 1012 2019 si
1055 1956 1373 2033 maritum,
1417 1954 1564 2038 quin
1601 1955 1682 2020 ab
1715 1973 1786 2019 eo
1828 1954 2115 2020 libellum
2151 1954 2390 2039 repudii
2428 1954 2795 2037 accepisset,
2839 1951 3018 2017 dimi-

605 2058 770 2121 serat
814 2060 877 2123 et
921 2074 1066 2123 cum
1111 2056 1234 2122 alio
1278 2056 1406 2122 viro
1449 2075 1582 2121 rem
1625 2056 1947 2121 habuerat.
2026 2058 2213 2123 Illam
2258 2056 2865 2140 exceptionem,
2910 2071 3019 2137 qua

605 2158 834 2224 marito
900 2158 1275 2241 permissum
1343 2158 1505 2236 erat,
1573 2175 1825 2223 uxorem
1887 2158 2031 2223 dato
2094 2158 2309 2224 libello
2388 2157 2626 2241 repudii
2692 2156 3017 2231 dimittere,

605 2276 652 2321 S.
717 2258 1041 2341 apostolus
1081 2258 1144 2323 h.
1189 2259 1229 2323 l.
1289 2258 1747 2342 praetermittit.
1773 2258 1821 2341 ¹)
1870 2294 1941 2307 -
1988 2257 2111 2339 „Si
2164 2268 2366 2323 autem
2425 2267 2701 2322 mortuus
2764 2266 2851 2321 cst
2911 2257 3018 2333 vir,

601 2357 802 2422 soluta
845 2367 930 2421 eet
972 2380 1013 2421 a
1055 2356 1179 2443 leqe
1219 2358 1405 2437 viri‘ss
1462 2360 1502 2424 i.
1550 2379 1598 2423 e.
1650 2360 1855 2424 soluta
1912 2363 2008 2424 est
2050 2378 2087 2425 a
2128 2361 2268 2443 lege
2327 2358 2623 2443 conjugii,
2687 2376 2844 2441 quae
2890 2376 3016 2423 eam

605 2459 827 2524 marito
889 2476 998 2524 suo
1057 2458 1308 2541 ligabat.
1374 2495 1447 2505 —
1493 2461 1807 2542 καταργέω,
1872 2460 1934 2524 vi
1992 2478 2107 2525 sua
2163 2460 2335 2543 privo
2351 2509 2367 2541 ,
2428 2459 2677 2543 abrogo‚
2745 2459 3014 2534 destruo;

602 2578 748 2625 cum
791 2578 1068 2643 praepos.
1114 2558 1237 2622 ἀπὸ
1277 2559 1370 2624 est
1415 2560 1579 2625 idem
1626 2579 1696 2626 ac
1740 2556 2091 2642 ἐλευθερόω,
2136 2561 2333 2627 libero
2378 2563 2450 2625 ut
2491 2561 2553 2625 h.
2598 2561 2641 2625 1.

808 2661 882 2725 V.
930 2662 986 2725 3.
1033 2662 1294 2747 „Ita-que
1351 2661 1582 2725 vivente
1634 2664 1768 2726 viro
1826 2661 2115 2727 adultera
2172 2660 2511 2741 vocabitur,
2567 2662 2625 2723 ei
2682 2661 2849 2725 alius
2900 2659 3015 2723 viri

583 2759 775 2845 facta
800 2760 1071 2847 faeritf‘
1092 2761 1426 2845 χρηματίζοι)
1463 2762 1536 2846 (a
1565 2768 1761 2846 χρῆμα
1800 2782 1913 2843 ree,
1947 2764 2301 2849 negotium)
2325 2766 2456 2841 est:
2498 2763 2822 2847 negotium
2845 2762 3007 2839 facio,

599 2881 734 2927 rem
775 2864 1050 2949 aliquam
1093 2866 1323 2943 tracto:
1382 2865 1524 2930 dein
1567 2875 1879 2949 responsa,
1940 2867 2187 2931 oracula
2231 2866 2363 2944 ede,
2423 2865 2725 2931 divinitus
2768 2882 3008 2940 moneo:

597 2967 808 3047 postea
829 2967 994 3050 apud
1016 2966 1272 3032 seriores
1295 2967 1656 3050 scriptores:
1701 2972 1882 3033 utor
1911 2968 2247 3046 nomine,
2293 2984 2562 3045 vocor,
2610 2967 3007 3050 appellor.

481 3117 486 3121 .
595 3100 680 3114 -—-
711 3070 977 3148 γίνεσθαι
1002 3072 1100 3133 est
1143 3069 1608 3153 euphemismus
1654 3068 1721 3153 (i.
1750 3089 1800 3134 e.
1829 3088 1927 3135 res
1970 3070 2309 3136 honestiori
2353 3068 2537 3133 modo
2583 3067 2913 3152 expressa),
2952 3066 3008 3130 et

597 3167 845 3235 denotat
867 3171 1034 3234 idem
1057 3170 1252 3252 quod:
1275 3188 1312 3235 a
1329 3169 1440 3234 lic
1456 3190 1494 3233 u
1504 3170 1530 3253 j
1551 3190 1590 3234 u
1608 3188 1639 3235 s
1679 3170 1712 3234 f
1721 3170 1742 3234 i
1760 3189 1793 3235 e
1813 3171 1897 3250 ri,
1927 3171 2165 3235 tradere
2190 3189 2255 3236 se
2278 3171 2573 3253 potestati
2596 3170 2715 3235 viri
2740 3169 3003 3244 alterius»,

595 3270 846 3339 nubere.
896 3308 969 3318 —
1015 3269 1137 3352 „Si
1177 3280 1377 3336 autem
1417 3279 1691 3335 mortuus
1732 3280 1817 3335 est
1857 3272 1976 3351 vir,
2032 3270 2229 3335 libera
2271 3279 2357 3335 est
2399 3294 2442 3335 a
2485 3270 2673 3357 leyc“,
2746 3271 2878 3337 soil.
2925 3288 3006 3346 ea,

598 3386 720 3449 qua
763 3372 897 3435 viro
958 3375 1088 3436 erat
1149 3372 1424 3456 alligata.
1470 3410 1556 3421 -
1599 3373 1747 3452 „Ita
1800 3382 1871 3436 ut
1926 3372 2215 3437 adultera
2276 3394 2399 3437 non
2456 3374 2556 3453 sit,
2614 3396 2803 3459 quum
2862 3371 3009 3436 alius

595 3470 722 3533 viri
747 3470 939 3556 facta
966 3470 1237 3556 fuerit.“

801 3570 875 3636 V.
922 3572 980 3635 4.
1028 3573 1307 3658 „Itaque,
1333 3574 1584 3659 fratres
1640 3575 1776 3654 mei,
1834 3575 2017 3639 etiam
2076 3596 2185 3639 vos
2229 3573 2349 3659 leyi
2388 3561 2697 3660 interfecti
2738 3576 2880 3641 cetis
2906 3594 3012 3660 per

606 3669 834 3735 aristi
897 3677 1179 3757 corpus.“
1264 3673 1460 3739 Versu
1501 3676 1618 3740 hoc
1680 3674 1960 3759 sequitur
2020 3694 2111 3757 ap
2130 3675 2487 3759 plicatio
2554 3694 2805 3757 eorum,
2871 3693 3011 3759 quae

592 3770 953 3839 immediate
986 3772 1158 3854 prius
1199 3772 1278 3856 (v.
1325 3775 1538 3859 1—3.)
1585 3775 1841 3853 dixerat,
1889 3778 1951 3839 et
1994 3776 2311 3859 apostolus
2332 3776 2473 3841 vult
2494 3776 2735 3842 dicere:
2780 3778 3007 3860 Itaque,

592 3873 813 3939 fratres
861 3873 1008 3950 mei,
1069 3873 1230 3937 sicut
1271 3892 1436 3953 uxor,
1501 3875 1793 3941 defuncto
1839 3876 2081 3955 marito,
2142 3877 2405 3943 liberata
2468 3878 2565 3942 est
2607 3896 2646 3941 a
2685 3879 2830 3962 lege
2876 3896 3009 3943 con-

591 3975 787 4054 nubii,
833 3975 923 4039 ita
943 3990 1054 4039 vos
1098 3991 1354 4058 quoque,
1402 3975 1506 4057 qui
1549 3977 1777 4041 mortui
1818 3977 1964 4041 estis
2006 3978 2349 4043 secundum
2383 3983 2657 4044 veterem
2700 3979 3009 4044 hominem

591 4096 736 4141 cum
784 4075 1048 4155 Christ0‚
1113 4076 1342 4159 pariter
1403 4075 1548 4142 facti
1611 4078 1763 4142 estis
1808 4077 1989 4142 liberi
2045 4098 2083 4142 a
2147 4079 2418 4144 dominio
2475 4080 2653 4163 legis.
2700 4113 2791 4126 —-·
2833 4079 3009 4146 Juxta

588 4177 941 4260 exemplum
984 4177 1371 4261 propositum
1405 4178 1722 4260 apostolus
1761 4176 1963 4243 dicere
2000 4178 2347 4245 debuisset:
2392 4181 2613 4263 Itaque
2656 4180 2885 4247 fratres
2915 4230 2929 4243 .
2954 4226 3003 4242 ..

588 4278 778 4345 etiam
847 4280 946 4345 lex
991 4278 1166 4344 vobis
1233 4277 1476 4343 mortua
1542 4280 1653 4356 est,
1718 4278 1808 4343 ita
1874 4281 1945 4343 ut
2008 4278 2114 4345 alii
2178 4280 2329 4361 viro,
2394 4280 2697 4347 nimirum
2748 4280 3005 4357 Christo,

800 4495 835 4567 ¹)
871 4492 956 4555 Cf.
993 4494 1354 4551 Commentar.
1389 4494 1451 4551 in
1485 4508 1673 4563 evang.
1710 4511 1753 4550 s.
1786 4494 1987 4551 Matth.
2022 4496 2071 4563 5,
2106 4496 2191 4551 31.
2226 4496 2322 4564 323
2360 4498 2441 4565 19,
2478 4498 2528 4551 9.
