3234 4992
537 245 620 314 36
1536 245 1646 298 Gap.
1674 247 1739 289 11.
1766 255 1812 287 v.
1838 243 1954 286 4-6.

542 440 780 516 aqentes
823 439 878 494 et
902 430 1083 515 facis
1127 451 1220 511 ea,
1265 440 1318 494 te
1360 429 1746 516 effuqitumwn
1788 451 1911 494 esse
1934 429 2249 520 judicium
2293 428 2479 492 Dei‘fi
2524 427 2681 493 Vult
2733 427 2983 491 dicere:

545 532 613 598 Si
648 532 958 616 judicium
996 532 1113 596 Dei
1157 533 1506 598 certissime
1551 533 1830 598 futurum
1876 536 1969 596 est
2013 531 2308 596 adversus
2354 547 2571 594 omnes
2613 531 2984 612 peccantes,

540 653 694 699 num
738 635 811 698 tu
854 633 1130 715 quisquis
1175 634 1278 712 sis,
1327 633 1446 697 etsi
1487 633 1531 698 J
1533 634 1786 712 udaeus,
1834 634 1939 716 qui
1984 633 2137 698 alios
2174 632 2421 714 jndicas
2468 634 2530 695 et
2564 631 2981 708 condemnas,

541 737 727 817 atque
771 734 984 798 eadem
1053 733 1186 818 agis
1256 736 1532 816 peccata,
1597 735 2003 812 existimabis
2073 735 2134 797 te
2199 733 2456 798 unicum
2502 733 2622 796 Dei
2658 731 2987 815 judicium

541 853 674 900 esse
717 833 1116 918 effugiturum
1136 837 1168 898 Ρ
1212 869 1290 880 —-
1336 835 1524 900 Hisce
1568 835 1795 899 refellit
1859 854 1906 900 s.
1954 835 2187 899 Paulus
2258 834 2606 897 vanitatem
2674 851 2987 897 erroneae

539 935 583 1001 J
585 934 923 1000 udaeorum
984 934 1320 1017 opinioniS,
1389 953 1510 1017 qua
1570 935 1691 1002 sibi
1754 937 2050 1017 tanquam
2096 933 2442 998 Abrahami
2509 933 2778 1016 posteris
2846 933 2983 996 im—

538 1035 887 1119 punitatem
948 1035 1412 1119 promittebant.
1459 1071 1545 1082 --
1589 1033 1809 1100 Simile
1877 1035 2031 1100 dixit
2094 1033 2139 1100 J
2160 1052 2193 1099 o
2217 1053 2472 1100 annes
2543 1033 2597 1096 B
2623 1053 2721 1116 ap
2746 1036 2796 1097 t.
2871 1033 2989 1116 (cf.

539 1136 767 1202 Matth.
815 1137 874 1215 3,
919 1136 1008 1219 9.)
1054 1173 1133 1182 —

735 1237 812 1304 V.
857 1238 915 1302 4.
971 1235 1118 1318 „An
1161 1235 1414 1300 divitias
1457 1235 1845 1320 benignitatis
1908 1240 2037 1325 ejus
2081 1245 2135 1298 et
2187 1236 2527 1320 patientiae
2570 1245 2649 1310 et,
2690 1234 2987 1319 lmzqani-

539 1339 772 1403 micatis
813 1337 1224 1403 contemniffl?
1308 1337 1460 1402 Vult
1503 1339 1735 1402 dicere:
1795 1337 1897 1402 An
1944 1357 2015 1401 ex
2060 1336 2421 1402 exuberanti
2465 1336 2861 1419 benignitate
2922 1339 2991 1399 et

538 1438 888 1523 longanimi
953 1436 1255 1522 patientia
1319 1437 1470 1516 Dei,
1534 1457 1800 1521 poenam
1866 1438 2238 1514 differentis,
2310 1456 2491 1519 spem
2557 1436 2977 1518 impunitatis

541 1541 734 1604 audes
778 1539 1144 1622 concipere?
1189 1575 1272 1585 —
1317 1539 1485 1604 Dum
1533 1539 1850 1622 apostolus
1894 1539 2010 1604 hoc
2054 1537 2223 1616 dicit,
2286 1555 2633 1621 supponere
2702 1538 2990 1612 videtur,

543 1639 818 1706 Judaeos
861 1640 988 1705 fors
1034 1640 1112 1704 ob
1182 1639 1545 1704 dilationem
1614 1657 1850 1723 poenae
1914 1659 2090 1722 spem
2154 1637 2383 1703 fovisse
2449 1638 2877 1721 impunitatis,
2959 1637 2997 1699 ὁ

540 1741 799 1811 πλοῦτος
839 1744 947 1822 τῆς
986 1737 1380 1824 χρηστότητος
1423 1740 1520 1804 est
1541 1739 1920 1805 abundantia
1941 1740 2004 1804 et
2024 1739 2391 1822 magnitudo
2431 1739 2869 1820 benignitatis,
2906 1775 2997 1784 —-

463 1845 466 1849 '
542 1839 867 1925 χρηστότης
908 1843 1151 1925 proprie
1217 1841 1602 1918 utilitas;
1669 1841 1812 1906 dein
1876 1840 2240 1918 bonitas,
2307 1839 2849 1922 benignitaS,
2928 1843 2994 1903 et

545 1931 800 2025 quidem
821 1943 881 2006 h.
907 1943 948 2006 l.
977 1961 1068 2020 ea,
1115 1960 1236 2024 qua
1256 1943 1427 2007 Deus
1460 1942 1537 2006 ad
1572 1942 1947 2023 parcendum
1991 1940 2418 2024 peccatoribus
2462 1940 2672 2024 potius
2719 1943 2995 2024 paratus

545 2045 665 2122 est,
734 2061 919 2125 quam
965 2043 1044 2108 ad
1087 2062 1188 2108 eos
1254 2042 1617 2127 puniendos.
1708 2040 1892 2124 ἀνοχή
1956 2041 2276 2124 patientia,
2346 2060 2469 2124 qua
2534 2043 2709 2107 Deus
2779 2042 2999 2106 malos

543 2144 784 2209 tolerat.
828 2147 1214 2225 μακροθυμία
1257 2143 1358 2226 (ex
1417 2141 1639 2224 μακρός
1698 2143 1919 2226 longus
1986 2147 2049 2207 et
2112 2139 2312 2222 θυμός
2374 2143 2492 2224 ira)
2560 2146 2663 2206 est
2730 2142 2997 2220 lenitaS,

545 2244 1013 2325 longanimitaS,
1058 2263 1215 2326 quae
1261 2261 1488 2326 poenas
1529 2243 1595 2308 in
1630 2244 1887 2326 longum
1916 2247 2163 2326 tempus
2193 2243 2415 2308 differt.
2463 2279 2549 2290 -—
2594 2243 2993 2328 „Imm-ans,

547 2343 972 2427 beni-quitatem
1013 2344 1140 2407 Dei
1180 2343 1268 2407 ad
1295 2344 1735 2428 poenitentiam
1778 2353 1834 2406 te
1896 2342 2261 2422 adducere“,
2325 2345 2364 2408 i.
2436 2364 2485 2408 e.
2550 2362 2748 2427 quum
2818 2348 2999 2409 certe

546 2445 832 2526 ignorare
855 2460 980 2508 non
1003 2444 1252 2522 debeas,
1297 2443 1751 2527 benignitatem
1773 2443 1891 2508 Dei
1914 2445 1977 2508 te
2006 2444 2269 2508 invitare
2293 2444 2375 2508 ad
2394 2444 2881 2526 poenitentiam.
2914 2482 2999 2490 —

547 2543 642 2606 Ex
685 2542 994 2624 praesenti
1034 2544 1166 2607 loco
1209 2543 1558 2608 rectissime
1602 2543 1932 2627 colligitur,
1976 2547 2326 2626 peccatores
2372 2544 2567 2610 etiam
2636 2545 2998 2610 obduratos

549 2658 680 2707 non
742 2641 989 2724 penitus
1055 2643 1310 2707 destitui
1382 2642 1749 2708 sufficientis
1824 2643 2131 2709 interioris
2206 2645 2443 2728 gratiae
2520 2645 2751 2711 auxilio
2778 2695 2795 2724 ,
2868 2663 3001 2728 quo

547 2740 812 2826 possint,
857 2741 912 2806 si
954 2743 1168 2822 velint,
1213 2761 1250 2807 a
1292 2743 1562 2827 peccatis
1607 2744 1981 2827 resipiscere.

751 2841 826 2908 V.
873 2842 930 2908 5.
976 2842 1364 2924 „Secundum
1405 2843 1706 2908 duritiam
1745 2867 1886 2909 vero
1929 2854 2098 2908 tuam
2140 2854 2197 2908 et
2223 2847 2618 2931 impoenitens
2641 2869 2769 2928 cor,
2817 2872 3003 2914 accu-

548 2942 754 3008 mulas
797 2942 908 3008 tibi
949 2945 1074 3028 ipsi
1113 2946 1276 3008 iram
1319 2945 1418 3008 die
1459 2947 1595 3009 irae
1638 2955 1692 3008 et
1729 2944 2115 3010 revelationis
2141 2948 2307 3035 justi
2331 2947 2573 3036 judicii
2593 2949 2785 3014 Dei-2.
2834 2950 3004 3017 Vult

551 3046 802 3111 dicere:
845 3045 966 3110 Pro
1009 3047 1118 3110 tua
1161 3046 1355 3111 animi
1392 3047 1638 3125 duritia,
1684 3065 1871 3129 quam
1892 3047 2011 3110 Dei
2043 3047 2398 3131 benignitas
2421 3049 2501 3112 ad
2524 3050 3003 3131 poenitentiam

549 3163 676 3212 non
719 3147 974 3226 emollit,
1022 3149 1086 3212 et
1127 3166 1234 3230 pro
1284 3148 1465 3212 corde
1509 3147 1973 3231 impoenitente,
2019 3148 2178 3230 quod
2224 3167 2337 3213 nec
2374 3152 2818 3230 mansuetudo,
2870 3173 2996 3218 nec

553 3246 759 3310 minae
803 3246 882 3310 ad
923 3249 1370 3330 poenitentiam
1417 3252 1703 3327 movent,
1771 3249 2124 3312 accumulas
2190 3249 2311 3313 tibi
2366 3250 2525 3315 iram
2589 3252 2883 3318 divinam
2934 3255 3004 3319 in

555 3347 620 3409 te
680 3345 1114 3412 effundendam
1173 3349 1268 3412 die
1333 3349 1654 3414 tremendo
1712 3348 1953 3431 judicii,
2022 3367 2139 3431 quo
2183 3350 2355 3416 Deus
2411 3352 2734 3434 justitiam
2804 3375 3003 3421 suam

553 3443 994 3510 manifestabit.
1040 3444 1362 3530 σκληρότης
1385 3455 1481 3516 est
1502 3449 1667 3522 οέπαξ
1686 3445 2002 3532 λεγόμενον,
2026 3453 2239 3532 estque
2260 3451 2430 3516 idem
2452 3471 2525 3518 ac
2546 3457 3006 3540 σκληροκαρδία

557 3541 810 3626 (Matth.
857 3544 956 3624 19,
1003 3547 1125 3632 8.);
1195 3551 1428 3632 tropice
1486 3551 1709 3616 dicitur
1758 3550 1833 3615 de
1876 3549 1973 3627 iis„
2037 3568 2299 3632 quorum
2345 3553 2593 3620 animus
2642 3557 2724 3620 ad
2769 3561 3002 3641 poeni-

551 3642 819 3707 tentiam
841 3643 1006 3710 flecti
1031 3665 1096 3711 se
1119 3666 1240 3713 non
1261 3649 1508 3731 patitur.
1554 3685 1634 3699 -·
1682 3647 1828 3712 κατὰ
1871 3650 1931 3713 h.
1957 3650 1999 3714 l.
2047 3670 2203 3733 pro.
2252 3688 2323 3698 —-
2372 3651 2783 3738 ἄμετανόητος
2833 3660 3003 3742 (exa

553 3743 708 3826 priv.
755 3747 816 3808 et
871 3749 1164 3825 μετανοέω
1208 3750 1486 3816 mentem
1549 3753 1744 3830 muto,
1810 3751 2127 3834 resipiscO,
2195 3755 2470 3835 poenitet
2533 3761 2665 3838 me)
2731 3763 3001 3826 tantum

550 3843 654 3909 hic
696 3845 942 3928 legitur,
989 3852 1198 3933 estque
1262 3852 1367 3916 im
1379 3871 1518 3934 poe
1540 3853 1777 3918 niten
1800 3871 1860 3929 s3
1932 3855 1993 3915 et
2038 3851 2254 3932 καρὸιά
2300 3854 2701 3940 ἀμετανόητος
2746 3865 2850 3926 est
2896 3882 3005 3928 cor

558 3945 919 4035 (voluntas),
941 3952 1388 4036 poenitentiam
1411 3973 1727 4038 respuens.
1752 3990 1837 4000 -
1859 3953 2232 4034 θησαυρίζει),
2258 3958 2505 4042 colligo,
2532 3963 2888 4028 accumulo.
2915 4000 3001 4010 —

551 4046 743 4130 ἡμέρα
785 4048 956 4132 ὀργῆς
999 4052 1158 4136 (dies
1203 4054 1352 4138 irae)
1399 4059 1492 4120 est
1547 4055 1681 4120 dies
1717 4055 1936 4139 judicii
1998 4057 2275 4134 extremi,
2340 4077 2497 4140 quae
2563 4060 2720 4126 alias
2790 4064 2999 4144 etiam

554 4149 810 4218 dicitur:
851 4153 1040 4236 ἡμέρα
1057 4157 1257 4238 κυρίου
1288 4154 1444 4238 (dies
1491 4156 1867 4238 Domini),
1913 4154 2099 4237 ἡμέρα
2140 4160 2381 4238 κρίσεως
2424 4160 2584 4243 (dies
2621 4162 2909 4245 judici
2925 4165 2998 4248 i),

551 4249 741 4331 η’μέρα
785 4253 998 4338 ἐσχάτη
1043 4256 1204 4341 (dies
1248 4256 1744 4341 novissima),
1790 4255 1975 4339 ἡμέρα
2018 4260 2197 4339 ἐκείνη
2245 4258 2405 4343 (dies
2450 4261 2639 4346 illa)
2683 4265 2789 4328 vel
2836 4265 2999 4330 sim-

555 4350 830 4433 pliciter:
873 4357 1062 4440 ήμέρα
1105 4356 1306 4443 (dies).
1375 4357 1520 4422 Dies
1556 4358 1780 4440 judicii
1823 4358 2083 4423 extremi
2126 4359 2354 4424 dicitnr
2399 4361 2531 4427 dies
2577 4363 2702 4428 ira
2726 4384 2761 4429 e
2781 4413 2796 4442 ,
2848 4366 3000 4449 quia

557 4451 706 4516 tunc
747 4470 871 4520 non
913 4459 1029 4522 erit
1070 4457 1535 4524 misericordiae
1569 4458 1777 4535 locus;
1823 4493 1909 4505 —
1951 4458 2084 4524 dies
2140 4461 2717 4529 revelationis
2772 4466 3001 4549 ⁸iusti
