3234 4992
1249 260 1358 315 cap.
1384 262 1489 306 111.
1515 272 1562 305 v.
1589 262 1757 304 ιιι-19.
2590 263 2714 328 211

281 448 651 531 precamini,
700 449 973 531 inquam,
1021 448 1168 529 illis,
1215 454 1278 513 et
1321 450 1510 515 nolite
1534 452 1704 515 mala
1726 449 1853 514 illis
1896 448 2242 533 imprecari.
2318 453 2717 531 καταρᾶσθαι,

283 549 612 627 exsecrari,
659 549 809 614 diris
857 551 1173 629 devovere,
1219 551 1386 616 mala
1429 551 1776 635 imprecari.

491 650 567 715 V.
620 651 714 716 15.
763 650 1104 731 „Gaudere
1157 675 1290 715 cum
1347 652 1769 739 gaudentibus,
1834 662 1891 716 et
1938 652 2094 737 flere
2164 674 2299 715 cum
2346 650 2639 736 fleritibus
2654 657 2718 733 ;“

281 752 458 835 quasi
506 752 770 816 diceret:
815 753 1106 818 Fratrum
1136 758 1483 819 vestrorum
1510 754 1991 819 christianorum
2034 770 2152 828 res,
2200 752 2331 817 sive
2370 770 2715 836 prosperas,

281 855 416 918 sive
461 854 777 931 adversas,
825 855 998 919 velut
1040 857 1281 920 vestras
1324 856 1627 939 reputate,
1689 855 2031 938 gaudentes
2091 853 2165 916 de
2223 853 2367 929 illis,
2437 854 2717 919 dolentes

281 956 356 1018 de
426 953 546 1018 his,
594 989 678 1000 --
724 953 1010 1019 Charitas
1077 956 1245 1020 enim
1312 956 1512 1020 reddit
1581 957 1794 1021 omnia
1863 953 2238 1031 communia,
2308 970 2601 1036 prospera
2658 955 2720 1019 et

280 1055 472 1119 mala.
563 1054 688 1118 Hic
747 1054 869 1119 loci
925 1073 1036 1137 pro
1097 1056 1640 1139 imperativis
1718 1055 1985 1121 adhibiti
2047 1057 2195 1119 sunt
2254 1053 2716 1133 infinitivi,

280 1156 448 1239 quod
495 1155 661 1237 apud
706 1153 976 1220 Graecos
1023 1174 1207 1239 saepe
1252 1157 1324 1222 fit
1367 1156 1469 1239 (cf.
1519 1157 1682 1221 Phil.
1730 1158 1789 1232 3,
1839 1157 1983 1240 16.).

491 1256 565 1321 V.
619 1256 712 1320 16.
761 1256 979 1335 „Idem
1022 1278 1167 1343 crya
1211 1279 1316 1321 vos
1358 1258 1613 1321 invicem
1657 1258 2031 1336 seuientem
2075 1258 2113 1321 i.
2165 1276 2216 1321 e.
2256 1258 2473 1322 eodem
2516 1256 2712 1321 animi

280 1376 474 1422 sensu
546 1374 690 1440 erga
756 1376 864 1422 vos
937 1358 1208 1423 invicem
1275 1359 1480 1423 affecti
1549 1363 1767 1436 estote,
1838 1379 1950 1423 seu
2014 1359 2343 1423 concordes
2398 1357 2563 1421 inter
2603 1373 2713 1422 vos

277 1463 504 1525 estote.
553 1495 634 1505 —-
681 1459 840 1539 Quia
902 1463 1110 1523 autem
1181 1458 1584 1542 superbia
1650 1462 1747 1524 est
1810 1459 2063 1524 inimica
2128 1458 2506 1536 concordiae,
2573 1458 2711 1523 ideo

276 1560 468 1625 dicit:
514 1561 710 1639 „Non
754 1558 888 1623 alta
931 1560 1294 1645 eapientes“,
1340 1560 1380 1623 i.
1427 1580 1476 1624 e.
1523 1560 1661 1624 ideo
1699 1578 1817 1624 non
1860 1560 2019 1624 elate
2066 1560 2346 1624 sentiatis
2392 1558 2468 1623 de
2512 1558 2713 1635 vobis,

275 1661 370 1724 ita
418 1663 491 1724 ut
536 1679 724 1744 supra
781 1660 937 1725 alios
999 1662 1268 1725 eminere
1331 1661 1554 1725 velitis
1628 1698 1691 1708 —
1762 1660 1935 1740 „Sed
1976 1659 2301 1724 humilibus
2343 1681 2449 1724 vos
2493 1656 2720 1723 abduci

268 1762 624 1847 patiamini
637 1767 702 1843 ,·“
748 1762 926 1844 quasi
969 1762 1234 1826 diceret:
1283 1762 1404 1826 Sed
1450 1762 1799 1827 humilibus
1858 1764 2141 1847 neg’otiiS,
2204 1762 2608 1827 relationibus
2654 1763 2718 1827 et

275 1863 744 1929 conditionibus
786 1882 864 1926 ne
909 1863 1234 1927 subducite
1280 1882 1406 1940 voe,
1469 1864 1522 1926 si
1565 1862 1630 1927 id
1687 1864 1959 1946 postulat
2018 1865 2189 1929 salus
2250 1863 2513 1928 fratrum
2554 1862 2714 1928 chri-

277 1965 648 2029 stianorum.
695 2000 779 2011 ——·-
823 1965 970 2042 „Ne
1013 1973 1190 2027 estote
1245 1964 1547 2049 sapientes
1590 1964 1763 2049 apud
1804 1986 1910 2027 vos
1951 1965 2178 2051 ipsos.“
2265 1965 2421 2030 Vult
2465 1966 2712 2029 dicere:

275 2066 378 2130 Ne
424 2066 489 2130 in
534 2066 718 2131 rebus
743 2065 1000 2149 agendis
1025 2070 1230 2130 vestra
1263 2066 1542 2147 ipsorum
1589 2066 1874 2148 opinione
1918 2067 2069 2131 adeo
2114 2067 2448 2149 prudentes
2492 2066 2710 2130 videa-

277 2167 459 2246 mini,
506 2168 579 2232 ut
622 2168 872 2251 putetis,
935 2186 1046 2232 vos
1088 2168 1349 2232 aliorum
1409 2168 1712 2246 consiliO,
1752 2169 2005 2232 monitis
2054 2171 2117 2231 et
2158 2168 2563 2231 instructione
2610 2184 2713 2231 ca-

277 2289 416 2333 rere
476 2288 675 2353 posse.
765 2266 898 2350 παρ’
961 2271 1207 2345 ἑαυτοῖς,
1268 2268 1433 2350 apud
1494 2285 1602 2331 vos
1663 2268 1847 2351 ipsoS,
1912 2288 1984 2333 ex
2039 2267 2329 2333 hebraica
2390 2268 2706 2334 locutione

275 2370 446 2433 idem
497 2388 602 2435 ac:
648 2374 855 2434 vestra
900 2371 1176 2453 ipsorum
1221 2369 1523 2452 opinione.

487 2470 557 2534 V.
613 2471 703 2534 17.
751 2468 986 2548 „Nulli
1049 2462 1281 2533 malum
1333 2491 1458 2555 pro
1523 2468 1689 2533 malo
1754 2470 2147 2534 retribuentes
2166 2476 2231 2552 ;“
2299 2470 2436 2535 vult
2479 2470 2711 2535 diceret

275 2572 558 2650 Nemini,
605 2592 717 2636 nec
763 2572 1118 2649 christiane,
1167 2590 1281 2636 nec
1328 2571 1592 2649 ethnico,
1644 2572 1697 2637 si
1742 2572 1903 2637 forte
1950 2591 2060 2637 vos
2104 2572 2407 2649 laesisset,
2471 2572 2712 2636 malum

279 2676 450 2739 malo
495 2674 834 2756 rependite.
924 2673 1114 2737 Hisce
1158 2674 1447 2755 prohibet
1492 2673 1973 2738 vindictam.
2021 2710 2107 2721 -
2148 2671 2515 2752 „Studentes
2561 2671 2712 2735 bono

279 2797 498 2839 coram
563 2774 838 2839 omnibus
902 2774 1240 2838 hominibus
1255 2779 1318 2855 ;“
1396 2775 1434 2838 i.
1505 2795 1554 2839 e.
1644 2776 1888 2839 studete
1957 2774 2309 2838 exercendis
2376 2773 2711 2838 virtutibus

279 2878 478 2959 (recte
522 2876 734 2960 factis)
779 2895 985 2941 coram
1031 2877 1319 2941 omnibus
1350 2876 1723 2953 hominibus,
1775 2875 1903 2939 sive
1948 2874 2262 2951 fidelibuS,
2308 2874 2438 2937 sive
2485 2872 2708 2937 infide-

277 2980 466 3043 libus
515 2976 636 3061 (cf.
683 2977 913 3045 Matth.
959 2978 1018 3053 5,
1068 2979 1214 3061 16.).
1306 2977 1580 3058 Vulgata
1623 2976 1851 3041 habet:
1897 2974 2303 3039 Providentes
2349 2974 2507 3039 bona
2550 2989 2711 3037 non

278 3082 599 3145 tantum
645 3098 918 3144 coram
962 3080 1161 3158 Dee,
1208 3078 1352 3142 sed
1397 3079 1647 3142 etiam
1694 3094 1903 3141 coram
1948 3076 2234 3141 omnibus
2278 3074 2709 3151 hominibus;“

282 3198 548 3264 quorum
612 3180 938 3244 verborum
999 3195 1218 3244 sensus
1279 3183 1411 3245 est:
1460 3177 1717 3243 Studete
1776 3181 1944 3242 recte
2003 3177 2210 3256 factis»,
2267 3176 2339 3241 ut
2396 3194 2519 3241 non
2579 3176 2710 3241 Deo

291 3284 543 3346 tantum
610 3281 959 3363 probemini
1026 3281 1160 3364 (seu
1228 3280 1576 3364 placeatis),
1648 3280 1751 3361 qui
1820 3297 1922 3345 cor
1988 3280 2282 3357 intuetur,
2352 3278 2458 3342 sed
2522 3278 2712 3343 etiam

279 3383 576 3448 omnibus
622 3383 1008 3460 hominibUS,
1055 3382 1452 3447 aedificantes
1474 3401 1576 3446 eos
1622 3402 1730 3465 per
1768 3386 1933 3447 recte
1968 3383 2152 3447 facta.
2204 3418 2277 3427 —
2332 3381 2453 3448 Sed
2496 3401 2711 3447 omnes

279 3484 410 3548 fere
458 3483 698 3549 codices
741 3485 949 3567 graeci
995 3484 1284 3547 exhibent
1327 3483 1658 3548 lectionem
1703 3484 2083 3565 priorem.

481 3584 556 3650 V.
610 3584 706 3649 18.
753 3583 876 3664 „Si
899 3585 1052 3669 fieri
1080 3593 1300 3669 potest,
1344 3594 1639 3670 quantum
1688 3584 1755 3648 in
1796 3583 1983 3663 vobis,
2038 3606 2173 3647 cum
2216 3582 2489 3648 omnibus
2530 3584 2713 3649 homi-

279 3685 462 3749 nibus
497 3707 712 3771 pacem
755 3685 1095 3750 habentes.“
1181 3686 1370 3750 Hisce
1413 3686 1619 3751 verbis
1664 3686 1947 3751 hortatur
1990 3704 2111 3764 eoa
2174 3689 2245 3749 ut
2306 3686 2370 3750 in
2419 3704 2571 3769 pace
2615 3684 2711 3750 vi-

281 3790 434 3851 vant
500 3806 645 3851 cum
711 3788 1004 3852 omnibus
1071 3786 1460 3864 hominibus,
1530 3788 1662 3851 sive
1728 3787 2053 3864 fidelibuS,
2141 3786 2270 3852 sive
2335 3786 2706 3851 infidelibus

279 3887 447 3968 Quia
492 3889 700 3953 autem
747 3906 871 3952 non
916 3908 1162 3971 semper
1205 3906 1242 3952 a
1286 3888 1462 3953 nobis
1524 3888 1770 3970 pendet,
1835 3888 1899 3952 in
1943 3907 2093 3971 pace
2138 3887 2342 3953 vivere
2388 3906 2534 3952 cum
2578 3905 2711 3951 om-

275 3988 490 4065 nibuS,
536 3988 673 4052 ideo
713 3990 1030 4071 apostolus
1065 3989 1250 4053 dicit:
1298 3988 1367 4053 si
1412 3987 1612 4052 fieri
1657 3991 1964 4072 potest,
2015 3990 2189 4054 salva
2214 3988 2447 4053 scilicet
2462 3988 2713 4071 justitia

278 4092 346 4153 et
390 4090 678 4163 veritate3
727 4092 824 4153 et:
892 4092 1288 4172 quantum
1354 4090 1431 4153 in
1499 4090 1762 4168 vobiS,
1830 4109 1907 4154 ne
1976 4090 2219 4155 scilicet
2263 4091 2631 4173 praebeatur
2674 4107 2711 4155 a

279 4191 458 4257 vobis
504 4192 744 4256 occasio
791 4191 1204 4256 dissensionis.
2643 4238 2648 4245 .

491 4290 566 4355 V.
639 4292 735 4356 19.
805 4292 1000 4371 „Non
1058 4313 1163 4355 vos
1227 4292 1392 4376 ipsos
1455 4290 1832 4372 ulciscentes,
1896 4291 2165 4356 dilecti‘n
2253 4291 2407 4356 Vult
2473 4292 2710 4357 dicere:

283 4390 353 4455 Si
397 4392 641 4473 quando
687 4392 840 4457 laesi
885 4394 962 4456 ab
1006 4392 1216 4474 aliquo
1257 4392 1516 4469 fueritis,
1579 4393 1825 4457 illatam
1884 4394 2179 4477 injuriam
2241 4412 2320 4460 ne.
2361 4393 2482 4475 ipsi
2524 4393 2713 4458 ulcis·

284 4491 534 4556 camini.
604 4529 680 4541 --
737 4490 908 4573 „Sed
965 4491 1108 4556 date
1171 4490 1365 4557 locum
1410 4492 1608 4574 irae“,
1667 4494 1706 4557 i.
1756 4511 1807 4557 e.
1856 4494 1967 4558 sed
2022 4495 2154 4559 Deo
2216 4493 2578 4578 permittite,
2640 4496 2712 4558 ut

2379 4592 2514 4661 14*
