3234 4992
1413 251 1522 308 cap.
1551 255 1595 300 1.
1622 267 1671 299 v.
1696 257 1735 300 1.
2703 258 2783 323 15

349 443 592 510 Similis
635 461 816 510 casus
862 443 1039 509 adest
1078 443 1146 509 in
1188 444 1568 528 evangelista
1609 441 1894 509 Marco.
1956 441 2195 508 Nomen
2243 442 2378 527 ejus
2427 442 2775 510 hebraeum

349 549 484 611 est:
529 545 575 611 J
591 564 680 612 oa
699 564 922 624 nnes;
968 549 1064 612 ast
1086 565 1278 630 quum
1303 547 1382 612 ad
1403 547 1669 632 gentiles
1712 546 1935 611 itinera
1979 545 2371 629 suscepisset,
2416 545 2777 611 nominatur

351 647 420 712 in
465 666 514 713 s.
564 649 867 732 scriptura
916 649 1044 714 solo
1099 649 1352 714 nomine
1418 666 1702 714 romano:
1768 647 2088 713 Marcus
2132 647 2307 731 (Act.
2359 647 2458 728 15,
2503 646 2651 732 39.).
2700 683 2779 695 —

351 750 488 816 Alii
531 766 673 815 1610
717 752 963 833 putant,
1010 767 1263 816 causam
1305 749 1492 835 hujus
1539 750 1955 836 quaerendam
2002 767 2136 816 esse
2178 749 2243 814 in
2287 750 2661 816 transitu
2705 750 2785 815 ad

351 869 584 918 novam
627 851 1022 936 religionem;
1065 870 1214 918 nam
1258 852 1423 937 (coll.
1458 852 1597 918 Act.
1628 853 1726 932 13,
1750 851 1839 936 9.)
1861 853 2002 935 post
2024 851 2486 918 conversionem
2510 850 2780 935 apostoli

350 954 543 1040 hujus
588 953 791 1038 prima
832 954 970 1020 vice
1026 954 1290 1038 legitur:
1354 954 1659 1020 Paulus
1681 1003 1698 1034 ,
1764 955 1840 1018 ut
1904 953 2256 1038 signaretur
2320 953 2557 1037 epocha
2616 954 2783 1019 vitae

353 1056 510 1140 ejuS‚
558 1074 681 1140 qua
721 1056 964 1139 accepit
1010 1073 1236 1122 novam
1279 1055 1663 1141 religionem.
1713 1054 1835 1121 Sed
1858 1054 2024 1138 prior
2048 1055 2358 1120 sententia
2380 1054 2785 1139 praeferenda

353 1160 464 1223 est.
511 1192 600 1204 -
643 1156 938 1223 Servus
982 1157 1268 1243 (δοῦλος).
1315 1158 1520 1224 Homo
1557 1158 1737 1242 juxta
1779 1155 2125 1221 doctrinam
2169 1156 2511 1239 scripturae
2534 1176 2585 1222 s.
2623 1176 2780 1223 nun-

353 1276 544 1341 quam
591 1258 689 1322 sui
725 1258 885 1342 juris
931 1261 1046 1338 est,
1095 1260 1206 1325 sed
1251 1278 1496 1343 semper
1537 1263 1705 1324 certo
1752 1257 2023 1324 dominio
2071 1257 2372 1324 subditus
2421 1257 2779 1341 Antequam

351 1359 426 1423 fit
470 1358 866 1440 christianus,
913 1359 1198 1426 subditus
1244 1359 1338 1426 est
1377 1361 1444 1424 in
1479 1359 1852 1426 ethnicismo
1896 1358 2280 1438 Satanae,
2326 1359 2390 1423 in
2434 1357 2773 1426 Judaismo

353 1462 565 1525 autem
632 1460 794 1544 legi
856 1460 978 1526 Mo
1000 1461 1288 1526 saicae.
1376 1461 1499 1525 Per
1562 1465 1920 1545 susceptam
1983 1479 2125 1526 vero
2189 1461 2378 1526 fidem
2442 1461 2507 1526 in
2550 1459 2775 1528 Jesum

355 1559 699 1640 Christum,
767 1579 911 1646 ergo
957 1581 1078 1645 qua
1121 1561 1660 1642 christianus,
1729 1562 2046 1628 consecrat
2111 1580 2179 1627 se
2238 1581 2347 1646 per
2391 1561 2779 1645 baptismum

353 1660 721 1742 Christo,
770 1663 886 1745 qui·
917 1663 1222 1729 Dominus
1267 1663 1634 1746 saepissime
1679 1664 1746 1729 in
1788 1664 1868 1729 N.
1916 1665 1985 1728 Τ.
2037 1662 2276 1742 dicitur,
2325 1663 2578 1747 ejusque
2600 1679 2779 1746 prae-

350 1763 532 1845 cepta
577 1781 649 1827 ex
691 1781 898 1828 amore
942 1767 1330 1831 servaturum
1400 1783 1467 1829 se
1534 1783 1667 1830 esse
1732 1765 2069 1849 promittit3
2133 1764 2350 1831 verbo:
2414 1764 2601 1830 homo
2671 1781 2781 1847 per

347 1862 538 1928 fidem
581 1864 656 1928 fit
700 1883 916 1930 servus
962 1863 1211 1931 Christi.
1299 1865 1604 1931 Attamen
1655 1866 1722 1929 in
1782 1865 2291 1950 inscriptionibus
2338 1884 2388 1931 s.
2433 1864 2615 1930 Pauli
2658 1862 2775 1928 ali-

351 1981 652 2048 orumque
677 1968 1094 2050 apostolorum
1116 1987 1229 2034 vox
1250 1967 1403 2032 haec
1440 1969 1583 2050 (ser
1601 1966 1760 2050 vus)
1801 1970 2044 2049 praeter
2065 1967 2415 2051 generalem
2440 1965 2777 2042 notionem,

353 2083 474 2148 qua
517 2084 736 2132 omnes
781 2067 1102 2132 christiani
1147 2070 1293 2133 sunt
1339 2069 1501 2132 servi
1546 2065 1795 2145 Christi,
1844 2067 2033 2132 etiam
2078 2068 2279 2134 adhuc
2322 2085 2410 2149 sp
2434 2064 2781 2130 eeialem

353 2167 807 2251 complectitur,
853 2171 926 2233 ut
962 2169 1093 2234 scil.
1144 2169 1452 2252 significet
1501 2168 1679 2233 illam
1722 2168 2103 2248 servitutem,
2151 2187 2272 2252 qua
2314 2171 2614 2249 tanquam
2657 2165 2776 2230 Dei

352 2267 630 2333 ministri
656 2271 719 2334 et
740 2270 938 2352 legati
960 2271 1027 2335 in
1060 2268 1607 2353 praedicando
1642 2269 1685 2335 J
1689 2288 1800 2334 esu
1826 2268 2059 2335 Christi
2079 2269 2395 2354 evangelio
2416 2269 2773 2335 servierunt.

349 2365 452 2432 Ita
496 2372 559 2433 et
603 2370 664 2435 h.
710 2371 752 2434 l.
800 2407 876 2418 ·-—
924 2371 1018 2436 De
1061 2371 1348 2436 vocibus:
1393 2370 1681 2450 JesUS,
1731 2369 2120 2437 Christus
2164 2370 2323 2437 conf.
2370 2369 2769 2436 commentar.

349 2468 416 2532 in
461 2488 675 2554 evang.
727 2491 774 2537 s.
821 2472 866 2538 J
868 2490 1003 2537 0611.
1049 2490 1191 2555 pag.
1238 2472 1295 2536 3.
1346 2507 1428 2518 —-
1472 2519 1510 2550 „
1530 2472 1795 2537 Vocatus
1837 2471 2209 2558 apostolus‘ss
2300 2471 2524 2538 Verbis
2568 2471 2668 2536 his
2715 2472 2780 2533 et

353 2571 759 2652 sequentibus
805 2573 1211 2656 explicat,
1279 2575 1343 2638 in
1387 2591 1505 2656 quo
1551 2574 1633 2639 sit
1701 2593 1915 2641 servus
1962 2563 2215 2654 Christi,
2282 2574 2410 2639 scil.
2458 2571 2776 2638 vocatione

351 2669 584 2736 missus
645 2673 725 2738 ad
789 2674 1271 2756 praedicandum
1318 2673 1551 2740 Christi
1615 2675 2002 2759 evangelium
2066 2676 2132 2739 in
2196 2675 2328 2742 toto
2396 2672 2648 2739 mund0.
2696 2706 2776 2718 —

354 2769 619 2857 (κλητός)
664 2773 1042 2858 adjectivum
1065 2777 1312 2841 verbale
1359 2775 1422 2860 (a
1465 2777 1654 2837 καλεῖν
1698 2775 1965 2860 106616),
2009 2778 2286 2855 vocatus,
2310 2776 2350 2839 i.
2379 2795 2428 2840 6.
2457 2773 2773 2841 vocatione

353 2872 657 2938 nimirum
703 2877 1038 2959 apostolus.
1119 2877 1288 2942 Dicit
1331 2896 1376 2942 s.
1425 2880 1637 2942 auctor
1679 2879 1796 2943 hoc
1835 2877 1915 2942 vde
1959 2895 2024 2942 se
2068 2877 2225 2956 ide0,
2271 2879 2343 2942 ut
2390 2875 2658 2953 moneat,
2706 2892 2773 2938 se

356 2991 595 3039 munus
662 2977 1070 3059 apostolicum
1132 2997 1256 3044 non
1322 2978 1440 3045 sibi
1507 2990 1941 3062 arrogasse
2006 2977 2139 3062 (aut
2203 2997 2311 3061 per
2371 2977 2779 3042 hominem

350 3073 555 3141 fuisse
581 3078 995 3144 constitutum
1018 3078 1413 3163 apostolum),
1462 3080 1570 3145 sed
1593 3097 1631 3144 a
1673 3077 1720 3144 C
1735 3079 1777 3144 h
1792 3080 1859 3144 ri
1875 3099 1905 3144 s
1920 3079 1949 3142 t
1964 3098 1998 3144 0
2043 3079 2200 3144 illud
2224 3078 2503 3143 311116336
2526 3076 2778 3140 deman-

352 3175 591 3240 datum.
639 3177 947 3245 Vocare
993 3179 1236 3265 (καλεΐν)
1285 3180 1350 3245 111
1394 3180 1470 3246 N.
1517 3181 1588 3246 Τ.
1634 3199 1816 3263 saepe
1861 3180 2087 3246 dicitur
2131 3179 2207 3244 de
2249 3177 2613 3244 invitatione
2658 3194 2768 3240 3611

350 3278 678 3344 vocatione
727 3282 807 3345 ad
849 3280 1347 3347 beatitatem
1393 3283 1799 3348 aeternam
1841 3300 1952 3365 per
1994 3279 2437 3364 professionem
2461 3277 2778 3362 religionis

352 3379 728 3446 christianae
773 3401 882 3447 seu
926 3402 1036 3466 per
1077 3384 1267 3448 fidem
1311 3383 1377 3448 in
1423 3381 1742 3448 Christum
1785 3381 2181 3448 obtinendam
2228 3379 2477 3467 (Matth.
2526 3381 2629 3458 20,
2662 3379 2777 3460 163

350 3481 455 3561 22,
505 3483 672 3568 14.);
719 3483 1045 3568 speciatim
1087 3504 1231 3551 1610
1279 3485 1606 3552 adhibetur
1648 3484 1723 3549 de
1765 3485 2087 3550 vocatione
2132 3484 2212 3550 ad
2254 3502 2499 3549 munu
2522 3502 2552 3548 s
2598 3500 2779 3564 apo-

354 3583 784 3666 stolicum,
850 3585 922 3651 ut
962 3586 1025 3651 h.
1085 3587 1150 3666 1.,
1220 3587 1331 3652 11111
1391 3587 1673 3652 additum
1744 3590 1870 3652 est:
1936 3588 2399 3671 apostolus.
2492 3585 2780 3650 Primum

349 3683 542 3750 tribui
586 3687 743 3751 solet
785 3687 851 3751 in
893 3687 974 3752 N.
999 3686 1070 3753 Τ.
1116 3688 1250 3753 Deo
1296 3686 1600 3772 (Patri),
1648 3687 1911 3752 alterum
1958 3687 2296 3754 Christo
2342 3687 2557 3772 (Marc.
2586 3687 2644 3766 3,
2673 3686 2769 3750 13.

352 3785 475 3850 Tit.
527 3788 584 3865 1,
634 3786 740 3871 1.),
784 3787 874 3853 ita
916 3791 1148 3867 tamen,
1194 3789 1266 3852 ut
1305 3789 1419 3854 fiat
1463 3789 1807 3854 secundum
1849 3789 2236 3855 voluntatem
2273 3789 2407 3855 Dei.
2452 3789 2724 3854 Primo
2746 3807 2776 3852 3

353 3888 674 3971 apostolos
720 3889 966 3955 vocavit
1030 3889 1346 3971 Christus,
1415 3891 1563 3955 dum
1629 3889 1728 3954 his
1792 3891 1858 3954 in
1901 3891 2080 3955 terris
2126 3890 2516 3970 versabatur,
2590 3893 2778 3955 ante

353 4005 532 4053 suam
604 3990 998 4072 passionem3
1077 3992 1130 4056 P
1153 4009 1191 4056 a
1211 3992 1364 4056 11111
1387 4011 1451 4056 m
1527 4010 1669 4057 vero
1745 4010 1887 4057 mox
1948 3993 2089 4075 post
2154 4010 2339 4056 suum
2406 3993 2473 4056 in
2538 3990 2778 4055 coelum

349 4089 642 4170 reditum,
689 4091 796 4155 sed
839 4109 1032 4176 aeque
1076 4093 1550 4158 immediate
1597 4091 1763 4176 (Act.
1810 4111 1863 4161 c.
1907 4093 1964 4158 9.
2015 4093 2069 4157 1.
2119 4091 2253 4159 Cor.
2302 4091 2403 4172 15,
2450 4090 2575 4175 8.);
2633 4090 2779 4156 hinc

350 4194 517 4256 recte
566 4192 820 4257 nomine
885 4195 1248 4276 apostoli
1315 4213 1378 4259 se
1443 4194 1738 4279 appellat.
1788 4231 1865 4240 —
1911 4194 2371 4276 Apostolus
2418 4187 2783 4277 (ἀπόστολος

353 4291 434 4357 ab
481 4290 827 4355 ἀποστέλλω
887 4296 1097 4380 mitto)
1161 4295 1526 4380 generatim,
1568 4296 1666 4360 est
1731 4295 1934 4360 omnis
2000 4293 2263 4377 legatuS,
2330 4293 2563 4360 missus
2630 4313 2777 4360 cum

353 4394 668 4462 mandatis
715 4397 794 4461 ad
838 4396 1214 4482 expedienda
1274 4396 1541 4480 negotia.
1630 4396 1707 4461 In
1751 4395 1929 4462 libris
1967 4394 2047 4460 N.
2098 4395 2169 4460 T.
2216 4411 2357 4461 vero
2415 4413 2453 4461 a
2470 4415 2511 4480 p
2529 4414 2564 4461 0
2586 4395 2782 4462 stoli

352 4513 462 4578 per
507 4496 911 4564 eminentiam
943 4501 1243 4564 vocantur
1262 4497 1359 4564 illi
1381 4496 1695 4582 religionis
1738 4497 2111 4564 christianae
2157 4497 2248 4564 do
2264 4515 2297 4562 c
2314 4501 2341 4564 t
2360 4515 2395 4564 0
2412 4517 2443 4562 1
2462 4517 2496 4561 6
2512 4516 2542 4564 3
2563 4545 2579 4577 ,
2626 4514 2780 4578 quos
