3234 4992
52 2191 89 2214 Q

1291 253 1400 307 cap.
1425 255 1483 295 x.
1507 265 1551 295 v.
1577 254 1746 296 nomm.
2612 257 2729 321 131

285 441 619 523 apostolus
681 439 914 505 dicere:
963 438 1029 504 Si
1072 440 1479 524 gentileS,
1541 440 1649 522 qui
1695 458 1731 504 a
1774 439 2033 506 Judaeis
2092 441 2504 521 contemptim
2552 461 2729 505 *feee-

281 542 528 607 bantur
591 560 920 625 non-gene,
983 560 1134 625 gens
1210 561 1417 607 rerum
1486 541 1835 606 divinarum
1901 542 2136 624 ignara,
2206 541 2724 624 praedieatieneu]

286 643 732 727 evangelicam
793 643 1230 708 intellexerunt
1291 646 1352 707 et
1414 663 1520 727 per
1581 642 1770 707 fidem
1832 641 1925 725 (in
1971 641 2316 725 Christum)
2376 645 2526 709 faeti
2588 649 2733 709 eunt

284 747 565 830 populus
627 746 764 825 Dei,
831 746 925 810 uti
984 745 1119 828 jam
1184 745 1451 810 Moses
1518 746 1921 829 praedixerat,
1991 744 2154 826 quod
2218 764 2372 827 geue
2436 745 2729 829 iueipieue

216 905 224 918 ,
287 847 437 931 (per
503 846 721 931 fidem)
787 846 1058 912 Judaeos
1126 848 1203 911 ad
1271 848 1608 912 salutarem
1678 846 2161 912 aemulationem
2221 845 2324 931 (ed
2388 849 2604 929 fidem}
2648 849 2733 909 eit

285 951 720 1031 provocatura,
781 947 994 1030 utique
1050 947 1277 1013 Judaei
1339 968 1459 1013 non
1519 951 1783 1032 possunt
1842 967 1905 1012 se
1970 964 2272 1025 excusare,
2336 949 2496 1029 qued
2556 949 2729 1013 illem

287 1048 821 1133 praedicationem
869 1049 1215 1132 intelligere
1261 1069 1380 1114 non
1440 1050 1769 1132 potuerint.
1817 1084 1899 1095 —-
1946 1046 2233 1112 Ceterum
2296 1049 2488 1113 eretie
2536 1049 2729 1113 elle—

286 1152 578 1237 gorica
612 1151 726 1231 est,
763 1152 1242 1235 ductaimagine
1276 1170 1313 1215 a
1351 1151 1912 1215 matrimonio:
1958 1149 2201 1215 Jehova
2226 1149 2320 1213 eet
2356 1169 2384 1213 e
2412 1169 2729 1230 peueue,

289 1272 592 1337 sponsa
633 1253 892 1337 populus
952 1254 1256 1331 Israel,
1324 1253 1431 1335 qui
1488 1254 1773 1337 neglecto
1817 1252 2061 1318 Jehova
2118 1255 2180 1315 et
2237 1253 2404 1315 idele.
2464 1253 2729 1313 amende

289 1356 694 1440 conjugalem
738 1354 927 1419 fidem
973 1354 1243 1438 fregerit.
1313 1355 1598 1438 Idipsum
1644 1354 1864 1437 probat
1909 1374 1980 1418 ex
2023 1352 2066 1418 J
2082 1353 2312 1417 esaie
2356 1353 2480 1437 (ee,
2536 1357 2586 1417 1m
2616 1353 2724 1437 2.),

511 1457 584 1522 V.
632 1457 732 1521 20.
784 1456 1080 1535 „Jesaias
1134 1465 1332 1519 autem
1380 1455 1565 1519 audet
1606 1464 1663 1518 et
1704 1454 1895 1518 dicit:
1955 1456 2239 1518 Inventus
2296 1477 2424 1517 seim
2480 1453 2560 1517 ab
2624 1457 2729 1533 eie,

297 1560 414 1645 qui
454 1580 577 1621 non
634 1556 1006 1643 quaerebant
1059 1579 1171 1637 me,
1228 1556 1593 1643 mamfestus
1621 1556 1844 1640 faetus
1887 1579 2019 1620 sum
2064 1557 2167 1635 eie,
2211 1557 2316 1641 que*
2360 1557 2436 1617 cie
2476 1577 2568 1617 me
2612 1577 2733 1617 nen

288 1658 822 1745 interroyabant.“

511 1760 586 1825 V.
610 1761 709 1824 21.
757 1759 900 1839 „De
926 1758 1156 1823 Israe’le
1199 1770 1397 1824 autem
1431 1760 1618 1824 dicit.-
1673 1760 1825 1823 Tota
1868 1759 1969 1823 die
2011 1757 2288 1845 eoepande'
2328 1781 2548 1825 manue
2568 1785 2733 1825 meae

294 1863 388 1927 ad
421 1861 724 1948 populum
781 1862 1130 1925 renitentem
1191 1871 1246 1924 et
1304 1861 1872 1926 contradicentem.“
1921 1900 1986 1907 —
2041 1860 2360 1941 ἀποτολμᾷ
2420 1865 2512 1921 eei
2572 1865 2733 1945 λέγει,

295 1967 335 2029 i.
389 1985 440 2029 e.
490 1964 783 2029 audacter
828 1966 890 2027 et
918 1963 1125 2028 libere
1169 1963 1341 2042 dicit,
1389 1963 1772 2029 Judaeorum
1834 1963 2234 2029 offensionem
2292 1981 2416 2029 neu
2476 1965 2729 2029 resitue,

297 2102 386 2112 —
436 2064 715 2131 Citatum
768 2065 906 2143 hoc,
966 2065 1127 2147 quod
1185 2066 1503 2148 apostolus
1569 2064 1777 2129 ordine
1835 2065 2160 2130 verborum
2219 2065 2733 2145 trauepeeite

297 2166 580 2244 adducit,
627 2167 937 2249 prolatum
984 2168 1078 2229 est
1114 2166 1191 2230 ab
1216 2168 1495 2249 apostolo
1533 2164 1981 2249 juxtaSeptu
2002 2186 2038 2231 a
2053 2167 2324 2250 ginta,
2372 2169 2436 2229 et
2480 2165 2729 2245 quidem

291 2268 492 2333 libere
567 2268 643 2331 ad
711 2286 1051 2332 sensum
1133 2268 1586 2331 tantummodo.
1656 2305 1741 2313 -
1808 2266 2169 2350 Subjectum
2233 2268 2296 2333 iu
2368 2269 2620 2345 ειῗρὲθην
2668 2273 2733 2329 et

297 2369 617 2441 ἐξεπέτασα
661 2371 757 2433 est
803 2368 1040 2446 DeUS,
1090 2368 1204 2450 'qui
1249 2388 1359 2451 per
1402 2370 1769 2452 prophetam
1813 2370 2099 2451 loquitur.
2164 2367 2452 2434 Ceterum
2480 2369 2733 2449 εὲρέθψ·

296 2475 397 2537 est
441 2470 838 2554 praeteritum
888 2470 1467 2552 'propheticum
1513 2470 1871 2552 profuturo.
1920 2508 2003 2516 —
2048 2468 2237 2551 ζητεῖν
2276 2469 2436 2549 θεῶν,
2488 2473 2729 2533 Deum

297 2591 732 2657 quaerere,
790 2571 1075 2635 dicuntur
1117 2570 1227 2649 illi,
1289 2571 1391 2653 qui
1437 2571 1642 2635 Deum
1701 2573 1901 2636 colere
1961 2572 2175 2637 volunt
2236 2573 2408 2653 eique
2468 2573 2724 2653 plaeere.

297 2712 384 2722 --
429 2670 763 2755 ἐπερωτάω,
811 2690 1142 2754 quaer0,
1189 2672 1614 2756 interrogo
1662 2673 1736 2737 de
1777 2673 1999 2756 aliquo,
2050 2674 2109 2738 h.
2141 2675 2376 2738 Leuni
2424 2693 2729 2737 eurare.

300 2814 374 2822 -
426 2775 584 2856 πρὸς
619 2773 889 2854 Ἰσραήλ,
935 2774 972 2837 i.
1022 2793 1072 2837 e.
1124 2773 1197 2837 de
1242 2774 1562 2838 Israelitis
1614 2812 1688 2820 —
1751 2776 1912 2856 λέγει,
1970 2775 2101 2839 scil.
2158 2775 2404 2841 Jeeeiee
2468 2794 2540 2837 er
2596 2797 2729 2857 per-

311 2896 464 2942 sona
509 2878 643 2942 Dei.
702 2915 764 2922 —
823 2872 1202 2955 ἐκπετάννυμι
1264 2874 1328 2959 (a
1391 2873 1614 2951 πετοῖω,
1657 2875 1919 2958 pando),
1981 2876 2272 2958 expando.
2320 2913 2400 2921 —
2448 2873 2729 2953 denefin),

303 2979 463 3043 mihi
507 2979 867 3062 persuaderi
911 2995 1033 3041 non
1096 2977 1314 3060 patior,
1376 2977 1619 3055 renitor,
1683 2976 2043 3041 inobediens
2108 2996 2264 3042 sum,
2324 3013 2384 3021 d
2440 2977 2733 3057 ἀντι-λέγω,

311 3081 685 3158 contradico,
755 3080 1062 3156 adversor,
1129 3078 1373 3143 rebellis
1441 3096 1598 3142 sum.
1681 3115 1753 3123 --
1825 3077 1979 3142 Vult
2044 3096 2089 3141 S.
2150 3077 2464 3160 apeetelue
2532 3081 2733 3145 rerhie

312 3200 371 3245 v.
419 3182 524 3247 20.
573 3185 635 3245 et
676 3182 778 3246 21.
842 3181 1076 3245 dicere:
1136 3180 1665 3256 Etiamnesaias,
1729 3178 1887 3242 nihil
1945 3179 2177 3243 veritus
2239 3197 2488 3245 eueruiu
2536 3201 2733 3265 pepu-

315 3282 547 3348 larium
595 3282 1021 3360 offensionem,
1069 3281 1362 3345 audacter
1407 3283 1469 3344 et
1511 3280 1705 3344 libere
1749 3279 2070 3362 praedixit,
2118 3281 2276 3363 quod
2324 3281 2568 3357 ethniei,
2628 3285 2733 3365 qui

315 3384 391 3448 de
435 3386 696 3449 venturo
741 3382 976 3447 Messia
1019 3382 1110 3447 nil
1151 3382 1452 3461 sciebant,
1500 3400 1610 3445 nec
1635 3380 1931 3445 desiderio
1972 3380 2106 3463 ejus
2153 3381 2540 3461 tenebantur,
2588 3401 2733 3445 eum

314 3485 703 3563 invenerint,
773 3484 928 3568 (scil.
992 3484 1116 3548 fide
1180 3503 1249 3547 ex
1315 3483 1527 3548 auditu
1594 3483 2014 3566 apostolorum
2080 3485 2436 3569 concepte);
2504 3481 2733 3549 Judeei

315 3587 546 3665 autem,
618 3586 697 3651 ad
758 3605 910 3668 quos
970 3588 1100 3650 toto
1157 3588 1436 3667 tempore
1498 3584 1726 3648 veteris
1786 3582 2073 3647 Foederis
2140 3602 2360 3649 mauue
2424 3605 2564 3649 euee
2628 3605 2733 3669 per

316 3688 558 3752 infinita
604 3688 905 3752 miracula
948 3686 1011 3751 et
1053 3686 1197 3750 dein
1242 3703 1350 3767 per
1408 3684 1932 3767 praedicationem
1994 3685 2296 3768 evangelii
2356 3689 2729 3765 extenderat,

314 3790 386 3853 ut
444 3806 547 3853 eos
610 3790 893 3853 amanter
950 3787 1028 3852 ad
1087 3806 1152 3851 se
1208 3785 1518 3864 invitaret,
1583 3805 1725 3849 eum
1784 3785 2252 3868 repudiaverint.
2320 3785 2436 3869 (Of.
2500 3785 2729 3853 Marte.

312 3891 414 3968 23,
463 3890 560 3954 37.
609 3889 789 3955 Joan.
842 3889 938 3967 15,
987 3888 1134 3973 22).
1188 3929 1258 3937 -
1308 3887 1451 3951 Non
1495 3890 1759 3969 possunt
1818 3886 2024 3969 itaque
2068 3885 2296 3951 Judaei
2356 3905 2416 3949 ee
2480 3889 2733 3949 iueeitia

315 4009 615 4056 excusare.
671 4028 739 4038 -
791 3990 874 4066 Hi
921 3990 1039 4054 duo
1087 4006 1298 4054 versus
1342 3986 1554 4051 ultimi
1593 3987 1786 4051 simul
1832 3987 2109 4052 efficiunt
2165 3988 2608 4053 treueitum
2656 3989 2733 4053 ed

317 4094 679 4175 sequentem
722 4092 1056 4156 tractatum
1103 4108 1373 4173 gravem.
