3234 4992
565 243 689 310 155
1535 241 1649 295 cap.
1674 240 1755 284 11.
1780 250 1829 284 v.
1854 236 2027 282 κατε.

565 428 890 495 Israelitae
932 427 1293 492 idololatrae
1337 427 1394 491 ei
1435 430 1465 491 t
1483 446 1522 511 y
1541 446 1582 510 p
1600 447 1641 491 u
1662 444 1727 491 m
1770 427 2057 510 gererent
2110 426 2449 511 gentilium
2504 426 2990 502 idololatrarum,

567 529 630 594 id
675 528 860 593 refert
916 528 994 593 ad
1054 528 1372 611 gentile
1391 546 1420 592 s
1440 576 1455 607 ,
1521 528 1707 611 idque
1772 528 1992 593 merito
2048 525 2218 605 facit,
2277 528 2424 610 quia
2482 527 2672 591 etiam
2736 526 2996 609 gentiles

569 632 648 695 ab
709 630 888 695 initio
951 630 1030 693 ad
1089 648 1323 694 unam
1391 630 1527 693 Dei
1583 629 2025 707 familiam,
2086 629 2287 710 qualis
2345 632 2479 693 erat
2541 630 2748 692 totum
2812 646 2997 709 genus

569 732 936 810 humanum,
984 729 1415 813 pertinebant;
1461 731 1608 794 hinc
1653 749 1735 795 re
1756 729 1982 794 ditus
2028 746 2243 793 eorum
2289 727 2677 813 (gentilium)
2724 728 2809 792 ad
2834 726 2997 793 Chri-

571 836 742 897 stum
801 832 1446 914 redemptorem,
1510 836 1609 896 est
1681 832 1919 896 reditus
1978 831 2057 896 ad
2114 832 2315 895 Deum
2375 833 2846 895 creatorem
2904 829 2998 911 (cf.

569 932 751 999 Joan.
818 935 915 1013 10,
984 934 1128 1015 16.).
1221 932 1320 999 Sic
1383 934 1592 1017 itaque
1658 952 1705 997 s,
1768 934 2083 1017 apostolus
2146 952 2219 997 ex
2280 931 2525 996 Hoseae
2582 932 2743 1008 loco,
2806 931 2999 1014 typice

569 1034 905 1111 intellecto,
961 1034 1201 1117 probat,
1247 1034 1400 1099 olim
1437 1035 1571 1117 jam
1612 1035 1995 1117 praedictam
2027 1033 2225 1098 fnisse
2248 1033 2634 1098 vocationem
2672 1031 2999 1115 gentilium

572 1134 650 1199 ad
694 1134 1088 1218 adoptionem
1133 1135 1198 1199 in
1244 1135 1542 1218 populum
1588 1134 1666 1201 N.
1716 1136 1785 1199 T.
1835 1136 1897 1200 et
1952 1135 2033 1200 ad
2074 1136 2241 1200 bona
2282 1135 2341 1198 ei
2385 1134 2711 1216 promissa,
2778 1151 2889 1197 seu
2928 1132 2999 1196 ad

575 1234 761 1301 fidem
806 1236 1234 1313 christianam,
1292 1254 1401 1320 per
1445 1254 1629 1319 quam
1678 1240 1776 1301 est
1816 1235 2065 1319 adoptio
2109 1236 2173 1300 in
2232 1235 2534 1319 populum
2578 1234 2659 1298 N.
2700 1234 2777 1297 Τ.
2828 1236 2893 1297 et
2932 1233 3001 1295 ad

576 1336 741 1402 bona
805 1338 860 1401 ei
927 1338 1250 1419 promissa.
1322 1375 1394 1383 —
1459 1337 1777 1402 Particula
1834 1340 1933 1399 καὶ
1988 1340 2134 1403 ante
2194 1340 2250 1398 ἐν
2306 1342 2394 1415 ‘103
2440 1334 2626 1415 Ὠσηὲ
2675 1333 2997 1418 significat,

573 1437 1020 1522 gentilium
1067 1439 1146 1503 ad
1190 1438 1584 1522 adoptionem
1631 1440 1696 1502 in
1734 1439 2037 1521 populum
2079 1439 2159 1504 N.
2208 1439 2277 1504 T.
2326 1438 2391 1502 et
2432 1436 2514 1502 ad
2557 1437 2723 1502 bona
2776 1436 2836 1500 ei
2876 1452 3000 1517 pro-

575 1540 773 1604 missa
842 1540 1271 1618 vocationem,
1341 1540 1506 1605 sicut
1561 1543 1697 1605 erat
1755 1540 1977 1605 facta
2034 1540 2117 1623 (v.
2178 1538 2328 1622 24),
2399 1539 2491 1603 ita
2548 1538 2805 1623 etiam
2864 1536 2998 1619 (καὶ)

573 1644 760 1705 antea
825 1640 1020 1705 fuisse
1087 1641 1623 1724 praedictam.
1714 1642 2080 1725 Vulgata
2136 1641 2339 1706 adhuc
2399 1640 2625 1707 habet:
2714 1640 2799 1703 et
2863 1655 2996 1702 non

575 1741 1234 1807 misericordiam
1320 1746 1890 1821 consecutam,
1990 1742 2649 1807 misericordiam
2742 1756 2996 1805 conse-

580 1846 886 1920 cutam3
931 1861 1088 1925 quae
1135 1843 1324 1909 verba
1366 1847 1580 1909 autem
1624 1844 1688 1907 in
1732 1862 2023 1927 graeco
2066 1860 2191 1908 non
2236 1846 2400 1908 sunt.

778 1943 850 2007 V.
897 1942 998 2007 26.
1045 1944 1174 2021 „Et
1229 1944 1344 2007 erit
1363 1967 1382 2006 .·
1435 1944 1512 2006 In
1555 1943 1703 2021 loce,
1760 1944 1869 2007 ubi
1928 1944 2155 2009 dictum
2214 1954 2299 2007 eet
2354 1945 2477 2007 eis:
2540 1944 2691 2007 Non
2748 1938 2997 2027 populus

577 2064 762 2123 meuc,
820 2066 944 2122 voe,
1001 2043 1092 2108 ibi
1143 2044 1518 2109 vocabuntur
1561 2044 1697 2127 filii
1736 2046 1863 2109 Dei
1916 2047 2105 2109 ‘vivif‘
2192 2047 2397 2113 Verba
2455 2045 2612 2109 haee
2679 2044 2993 2124 desumpta

582 2148 732 2209 sunt
775 2165 847 2210 ex
893 2147 1212 2212 Hoseae
1280 2149 1336 2225 1,
1385 2149 1479 2212 10.
1529 2148 1727 2230 (hebr.
1774 2148 1835 2227 2,
1886 2149 1988 2232 1.).
2079 2148 2290 2212 Etiam
2345 2148 2405 2211 h.
2453 2148 2496 2211 l.
2543 2164 2732 2210 sensu
2790 2140 2994 2209 literali

583 2265 788 2311 sermo
836 2249 933 2313 est
975 2248 1052 2312 de
1099 2248 1213 2313 Dei
1259 2267 1402 2313 cum
1447 2249 1885 2313 Israelitis
1933 2250 2139 2313 reditu
2185 2250 2250 2314 in
2294 2248 2599 2331 gratiam:
2666 2265 2718 2311 S.
2783 2243 2991 2309 Paulus

579 2364 722 2411 vero
768 2347 962 2411 istum
1009 2348 1278 2414 reditum
1325 2349 1600 2431 typice
1644 2350 1913 2433 explicat
1956 2350 2029 2413 de
2075 2350 2522 2432 gentilium
2567 2348 2889 2413 vocatione
2928 2342 2992 2407 ad

579 2447 972 2529 adoptionem
1037 2449 1102 2513 in
1159 2451 1460 2532 populum
1517 2451 1635 2515 Dei
1692 2450 1769 2515 N.
1832 2450 1900 2515 Τ.
1952 2453 2014 2515 et
2073 2450 2151 2515 ad
2208 2450 2373 2515 bona
2434 2449 2491 2514 ei
2556 2450 2882 2531 promissa.
2923 2479 2990 2491 --

579 2550 672 2609 καὶ
723 2552 882 2610 ἐσται
927 2568 1000 2613 ex
1041 2550 1388 2615 hebraismo
1448 2552 1615 2617 valet
1674 2552 1839 2615 idem
1898 2570 2001 2617 ac:
2064 2551 2391 2635 aliquando
2436 2550 2723 2615 futurum
2771 2550 2881 2614 est.
2924 2582 2991 2593 --

578 2652 638 2711 ἐν
681 2656 770 2725 τῷ
809 2649 974 2728 τόπῳ
1021 2696 1034 2711 .
1081 2698 1094 2711 .
1138 2649 1558 2736 κληθήσονται,
1602 2654 1640 2717 i.
1692 2672 1737 2717 e.
1787 2653 1852 2716 in
1892 2654 2109 2717 eadem
2156 2651 2533 2735 Palaestina,
2591 2651 2705 2715 ubi
2754 2649 2988 2735 gentiles

580 2770 704 2817 non
746 2751 1010 2835 populus
1056 2753 1172 2817 Dei
1213 2754 1613 2832 vocabantur,
1660 2753 1765 2829 ibi,
1812 2754 1877 2818 in
1915 2753 2122 2819 centro
2148 2753 2338 2818 etiam
2373 2770 2565 2817 novae
2610 2750 2986 2821 theocratiae‚

581 2852 840 2936 gentiles
887 2853 966 2917 ad
995 2854 1196 2919 fidem
1243 2855 1518 2919 conversi
1578 2856 1643 2919 et
1700 2873 1809 2936 per
1872 2854 2329 2919 sacramentum
2390 2853 2695 2936 baptismi
2757 2868 2985 2935 regene-

580 2954 717 3031 rati,
786 2956 1172 3021 vocabuntur
1235 2954 1350 3019 filii
1414 2955 1533 3019 Dei
1598 2954 1737 3019 vivi.
1806 2991 1892 3001 --
1956 2956 2173 3019 Deus
2237 2956 2469 3019 vivus
2546 2955 2647 3019 est
2714 2950 2987 3020 solemnis

581 3056 916 3139 appellatio
960 3057 1078 3121 Dei
1121 3057 1331 3136 veri,
1378 3056 1448 3120 ut
1493 3056 1915 3139 distinguatur
1960 3074 1997 3120 a
2042 3056 2161 3121 diis
2219 3056 2385 3121 fictis
2431 3058 2494 3120 et
2536 3052 2985 3126 commenticiis,

581 3158 686 3240 qui
732 3161 878 3223 sunt
920 3177 1048 3222 res
1094 3160 1460 3223 mortuae
1523 3158 1766 3242 (εἰδωλα
1826 3156 2033 3241 ἀψυχα
2091 3156 2233 3239 Sap.
2284 3158 2381 3235 14,
2428 3157 2580 3240 29.)‚
2648 3155 2802 3221 dum
2844 3155 2987 3219 Deus

581 3278 763 3323 verus
811 3262 908 3325 est
952 3260 1076 3337 ille,
1124 3260 1228 3342 qui
1275 3278 1520 3342 semper
1563 3262 1692 3324 est
1738 3262 1801 3321 et
1866 3276 2113 3342 semper
2157 3259 2573 3340 operatur,
2636 3258 2747 3339 qui
2804 3251 2986 3320 omnia

583 3360 813 3424 creavit
856 3360 1266 3442 omnibusque
1310 3360 1494 3425 rebus
1541 3379 1577 3425 a
1624 3380 1691 3425 se
1736 3360 1961 3424 creatis
2023 3377 2201 3423 suam
2261 3358 2393 3423 vim
2452 3358 2515 3423 et
2571 3358 2871 3441 vigorem,
2927 3368 2984 3416 ac

584 3460 935 3526 viventibus
981 3461 1258 3526 animam
1305 3464 1364 3525 et
1411 3462 1604 3525 vitam
1651 3460 1927 3543 inspirat.

785 3561 861 3626 V.
907 3562 1006 3625 27.
1054 3561 1348 3639 „Jesaias
1393 3570 1592 3625 autem
1656 3560 1887 3625 clamat
1944 3560 2019 3623 de
2065 3560 2299 3623 Israel:
2364 3560 2439 3624 Si
2478 3560 2689 3645 fuerit
2730 3572 3005 3649 numerem·

580 3659 853 3744 filiorum
904 3660 1106 3725 Israel
1149 3664 1303 3726 sicut
1344 3684 1541 3726 arena
1582 3664 1799 3741 maris,
1840 3662 2137 3747 reliquiae
2180 3670 2415 3725 tantum
2457 3660 2669 3725 salvae
2699 3660 2903 3742 fient.“

793 3762 866 3827 V.
931 3763 1030 3829 28.
1083 3810 1120 3841 ‚,
1141 3762 1398 3827 Verbum
1442 3764 1600 3827 enim
1632 3764 1877 3849 perficit
1938 3786 2013 3827 ae
2065 3772 2369 3848 properat
2426 3764 2490 3826 in
2534 3762 2829 3851 justitia;
2882 3757 2981 3819 imo

583 3862 827 3928 verbam
873 3872 1276 3951 properatum
1320 3864 1524 3950 faciet
1565 3866 1871 3929 Dominus
1928 3866 1997 3929 in
2054 3868 2284 3928 terra.“
2345 3900 2430 3911 --
2491 3862 2664 3929 Sicut
2724 3862 2885 3947 prius
2922 3873 2979 3919 ex

585 3966 851 4030 Hosea
894 3965 1260 4049 probaverat
1303 3966 1642 4048 apostema,
1688 3967 1955 4049 gentiles
2018 3966 2096 4029 ad
2158 3965 2554 4048 adoptionem
2600 3966 2667 4028 in
2714 3961 2975 4047 populum

586 4067 853 4131 electum
895 4066 974 4129 N.
1024 4065 1094 4130 Τ.
1143 4069 1206 4130 et
1251 4068 1327 4131 ad
1372 4066 1536 4130 bona
1581 4066 1636 4129 ei
1680 4067 2003 4149 promissa,
2052 4084 2159 4130 seu
2206 4053 2285 4131 ad
2330 4066 2519 4131 fidem
2581 4065 2973 4131 christianam,

583 4186 697 4252 per
740 4186 927 4250 quam
973 4170 1065 4231 est
1109 4168 1352 4251 adoptio
1396 4168 1462 4231 in
1507 4169 1805 4250 populum
1850 4168 1966 4233 Dei
2009 4168 2087 4233 N.
2136 4168 2205 4232 Τ.
2255 4170 2334 4247 οἵ,
2361 4168 2461 4231 via
2524 4166 2601 4232 ad
2664 4166 2826 4232 bona
2864 4176 2972 4245 pro·

587 4269 784 4333 missa
825 4268 969 4333 novi
1013 4269 1418 4347 Testamenti,
1481 4271 1772 4334 vocatum
1833 4270 1926 4349 iri,
1996 4270 2085 4335 ita
2143 4287 2308 4334 nunc
2352 4288 2407 4333 v.
2455 4269 2535 4333 27
2546 4268 2726 4333 -29.
2787 4261 2973 4349 probat

588 4388 658 4433 ex
702 4369 942 4434 duobus
987 4369 1315 4436 Jesaiae
1360 4370 1534 4450 lociS‚
1580 4369 1727 4435 olim
1772 4370 1991 4434 itidem
2052 4363 2968 4453 praenunciatamfuisse

588 4470 1018 4559 plerorumque
1063 4470 1106 4537 J
1110 4472 1447 4543 udaeorum
1511 4472 1588 4539 ab
1648 4471 1764 4541 hae
1810 4471 2131 4557 adoptione
2192 4472 2256 4541 in
2300 4472 2602 4559 populum
2645 4470 2763 4539 Dei
2804 4467 2874 4533 N.
2914 4460 2967 4528 T·
