3234 4992
1321 248 1434 301 cap.
1461 249 1514 293 x.
1542 260 1585 289 v.
1612 252 1654 291 a.
2584 256 2704 321 175

251 430 453 495 illam
523 449 647 496 non
715 450 854 498 esse
916 434 1372 519 impossibilem
1435 437 1785 517 observatU,
1846 442 1909 503 et
1962 440 2146 522 longe
2206 440 2540 524 petendam
2582 441 2698 507 ha-

243 532 559 614 bendam,
605 535 696 599 ita
733 535 811 599 ut
853 536 973 600 ista
1016 536 1092 601 (16
1138 538 1304 603 66616
1347 539 1448 603 vel
1506 540 1671 604 ultra
1728 558 1897 604 mare
1952 543 2121 606 esset
2180 540 2527 622 deferenda,
2587 543 2697 608 sed

243 633 486 716 cuique
552 636 909 701 vicinam
977 640 1039 701 et
1105 639 1183 702 ad
1252 657 1506 704 manum
1532 688 1548 718 ,
1613 642 1799 724 atque
1864 642 2250 707 solummodo
2316 644 2563 727 requiri,
2628 646 2699 708 ut

242 734 453 801 homo
509 736 697 801 istam
757 738 1078 821 suscipiat,
1138 742 1314 805 corde
1383 744 1445 805 et
1509 760 1611 805 ore
1678 742 2041 825 profiteatur
2081 778 2167 790 —
2208 744 2273 807 id
2317 762 2497 809 sensu
2545 747 2697 809 emi-

242 838 530 901 nentiori
596 838 762 903 valet
843 838 934 903 (16
1017 839 1356 906 Christo
1435 844 1693 925 ejusque
1760 857 1997 927 opere
2064 844 2693 927 redemptionis,

244 938 406 1003 Non
471 940 568 1003 est
629 956 803 1021 opus,
869 941 942 1004 ut
1008 942 1264 1006 solliciti
1333 942 1531 1007 simus
1577 944 1653 1008 de
1713 944 2157 1027 redemptione,
2224 946 2399 1028 cujus
2466 947 2694 1030 princi-

242 1039 432 1122 palia
493 1044 813 1105 momenta
850 1045 1021 1106 ‘sunt
1088 1043 1428 1108 incarnatio
1513 1048 1576 1108 et
1647 1046 2011 1110 resurrectio
2081 1045 2351 1125 Christi,
2429 1046 2693 1130 propriis

241 1141 493 1206 viribus
537 1142 942 1224 perficienda3
989 1160 1110 1208 non
1155 1147 1254 1208 est
1298 1163 1472 1227 opuS,
1520 1147 1590 1209 ut
1637 1144 1957 1211 Christum
2001 1166 2034 1211 6
2078 1148 2247 1211 66616
2290 1147 2688 1224 deducamus

242 1244 366 1305 aut
430 1260 576 1307 eum
637 1262 675 1308 a
719 1244 980 1309 mortuis
1049 1247 1112 1308 et
1177 1245 1256 1310 ab
1324 1244 1538 1310 inferis
1595 1246 1673 1310 ad
1726 1246 1922 1312 vitam
1981 1248 2365 1326 reducamus
2435 1248 2542 1312 sed
2598 1268 2692 1311 re-

242 1343 537 1427 demptio
594 1344 954 1429 (objective)
1005 1346 1138 1429 jam
1195 1346 1470 1429 perfecta
1537 1350 1671 1423 est;
1732 1348 1981 1427 sufficit,
2037 1352 2108 1413 ut
2161 1350 2502 1427 credamus,
2554 1367 2694 1413 eam

239 1462 394 1508 esse
461 1444 822 1528 perfectam,
883 1448 947 1511 et
988 1447 1060 1510 ut
1119 1466 1257 1512 eam
1319 1447 1493 1512 fide
1553 1448 1984 1532 suscipiamus
2052 1486 2122 1496 -—
2182 1449 2265 1531 μή
2313 1454 2478 1532 stays
2522 1451 2578 1511 ss·
2622 1455 2698 1531 τῇ

237 1549 473 1625 καρδίᾳ
537 1566 667 1623 σου,
733 1566 831 1611 ne
900 1548 1232 1613 dixeris,
1324 1548 1384 1613 S.
1448 1546 1683 1614 Paulus
1755 1550 1871 1614 hac
1928 1551 2237 1633 particula
2303 1551 2694 1634 negativa

243 1646 396 1731 (μή)
445 1648 657 1713 studet
699 1647 1043 1732 prohibere,
1089 1649 1418 1732 quominus
1464 1650 1600 1732 quis
1644 1650 1761 1716 hoc
1808 1651 1992 1718 dicat.
2038 1651 2276 1717 Verba:
2322 1653 2401 1716 in
2444 1671 2474 1715 6
2498 1651 2638 1715 ursl
2662 1671 2690 1715 6

239 1752 392 1813 tuo
441 1749 508 1814 in
551 1750 724 1814 textu
767 1749 1034 1816 hebraeo
1079 1751 1170 1832 (et
1214 1749 1652 1834 Septuaginta)
1698 1769 1819 1815 non
1880 1751 2203 1834 leguntur3
2264 1772 2312 1817 s.
2372 1755 2690 1835 apostulus

243 1867 326 1913 ea
371 1849 568 1929 addit,
615 1851 760 1932 quia
802 1850 1205 1916 incredulitas
1253 1854 1563 1934 postremo
1611 1851 1825 1916 sedem
1860 1870 2038 1916 suam
2072 1851 2265 1917 habet
2305 1852 2386 1916 in
2431 1871 2510 1917 cc
2533 1855 2686 1915 rde.

246 1988 332 1997 —
378 1951 906 2035 Interrogationes
949 1951 1309 2036 sequentes:
1355 1953 1542 2034 quis
1589 1952 1986 2017 ascendet
2027 1952 2109 2015 in
2155 1953 2534 2022 coelum?
2594 1955 2690 2015 et:

244 2051 448 2133 quis
511 2051 981 2118 descendet
1039 2053 1122 2117 in
1183 2053 1610 2142 abyssum,
1676 2053 1821 2117 sunt
1874 2052 2054 2135 Juxta
2112 2071 2368 2118 sensum
2428 2055 2690 2135 apostoli

253 2152 660 2234 quaestiones
705 2153 1388 2233 incredulitatis,
1436 2172 1592 2237 quae
1637 2152 2305 2218 incarnationem
2343 2157 2405 2218 et
2440 2175 2690 2219 resur-

245 2253 722 2318 rectionem
769 2251 1005 2319 Christi
1049 2255 1501 2338 impossibilem
1546 2255 1727 2337 putat
1771 2255 2029 2337 ideoque
2075 2257 2279 2338 negat.
2334 2291 2395 2301 --
2450 2255 2690 2319 Verba:

248 2353 412 2416 τουτ’
480 2357 604 2416 ἐστι
666 2358 813 2419 sunt
871 2355 1140 2421 formula
1199 2355 1431 2438 aliquid
1495 2356 2179 2439 interpretantis.
2246 2391 2325 2402 —-
2395 2355 2690 2420 Sensus

249 2458 391 2521 est:
437 2455 540 2521 Ne
586 2456 800 2521 dicas:
847 2454 1000 2536 Quis
1046 2456 1214 2521 valet
1255 2456 1320 2520 in
1364 2456 1604 2522 coelum
1652 2456 2024 2521 ascendere?
2070 2456 2199 2521 scil.
2249 2456 2327 2521 ad
2375 2455 2690 2521 Christum

249 2557 401 2622 inde
445 2557 513 2621 in
557 2559 790 2621 terram
836 2556 1270 2621 deducendum
1293 2560 1325 2621 Ρ
1375 2593 1439 2603 --
1495 2559 1603 2622 aut
1648 2557 1783 2640 quis
1828 2558 1994 2623 valet
2039 2557 2118 2621 ad
2162 2557 2388 2622 inferos
2435 2559 2686 2623 descen-

251 2658 450 2723 dere?
509 2658 641 2723 scil.
709 2657 787 2722 ad
846 2655 1167 2721 Christum
1226 2658 1369 2722 inde
1429 2676 1466 2722 a
1527 2659 1789 2723 mortuis
1849 2660 2311 2724 revocandum?
2395 2659 2470 2723 Id
2522 2659 2690 2723 enim

253 2759 640 2842 interrogare
683 2758 851 2822 idem
918 2760 1033 2835 est,
1095 2775 1166 2822 ac
1223 2759 1612 2865 impossspile
1667 2760 1967 2844 reputare,
2030 2760 2193 2842 quod
2236 2759 2514 2825 Christus
2578 2759 2686 2823 de-

255 2860 571 2925 scenderit
615 2860 690 2924 de
734 2859 925 2939 66616,
983 2861 1090 2923 aut
1134 2859 1297 2943 quod
1345 2879 1381 2925 a
1425 2861 1688 2925 mortuis
1730 2862 2147 2925 resurrexerit.
2236 2859 2438 2942 Igitur
2482 2863 2542 2923 in
2590 2859 2690 2923 his

261 2960 507 3026 duabus
553 2959 1023 3047 quaestionibus
1069 2960 1192 3024 sita
1234 2964 1332 3025 est
1377 2961 1798 3026 dubitatio
1860 2961 1933 3025 de
1990 2960 2578 3025 incarnatione
2630 2963 2690 3023 et

254 3061 890 3127 resurrectione
935 3060 1186 3141 Christi,
1232 3081 1386 3145 quae
1432 3063 1580 3126 sunt
1622 3062 1988 3145 principalia
2019 3061 2188 3125 facta
2219 3060 2682 3143 redemptionis

256 3200 342 3212 —
387 3164 546 3228 Pro:
610 3167 695 3234 τίς
753 3160 1140 3244 καταβήσεται
1196 3167 1280 3234 εἰς
1321 3162 1428 3244 τήν
1495 3160 1782 3244 ἄβυσσον,
1848 3164 1913 3228 in
1978 3165 2149 3227 textu
2209 3161 2474 3226 hebraeo
2514 3163 2690 3243 juxta

259 3264 676 3350 Septuaginta
717 3266 978 3349 legitur:
1023 3269 1112 3336 τίς
1152 3261 1489 3347 διαπεράσει
1547 3264 1684 3347 ἡμῖν
1743 3270 1826 3336 εἰς
1867 3264 1937 3325 τὸ
1980 3266 2160 3345 πέραν
2215 3266 2323 3345 τῆς
2379 3259 2694 3343 θαλάσσης

261 3365 474 3450 (quis
518 3385 607 3430 ex
651 3366 885 3431 nobis
928 3366 1239 3449 poterit
1281 3367 1834 3445 transfretare
1880 3366 2179 3449 mare?).
2268 3364 2392 3429 Ast
2438 3384 2486 3429 s.
2534 3383 2682 3447 apt}-

261 3468 462 3533 stolus
505 3467 695 3532 verba
737 3467 889 3532 haec
933 3468 999 3531 in
1046 3468 1458 3551 applicatione
1501 3469 1689 3553 hujus
1731 3468 1855 3534 loci
1912 3468 1990 3533 ad
2036 3466 2355 3558 Christum
2413 3483 2534 3531 non
2582 3487 2690 3548 pc-

260 3571 423 3633 terat
468 3567 792 3644 adhibere;
849 3568 994 3633 hinc
1035 3568 1146 3633 illa
1186 3568 1580 3649 immutabat,
1643 3571 1733 3634 ita
1787 3574 1860 3633 ut
1916 3571 2047 3635 loco
2106 3566 2395 3631 θάλασσα
2436 3571 2694 3651 poneret

262 3670 567 3752 ἅβυσσοςς
620 3668 853 3753 partim
913 3669 1058 3751 quia
1103 3670 1238 3753 jam
1298 3670 1454 3736 alias
1513 3671 1836 3736 coelum
1895 3674 1957 3735 et
2014 3687 2269 3748 orcus,
2328 3670 2686 3754 (infernum,

263 3772 579 3851 Scheol,
629 3770 828 3856 αἱδης)
875 3770 1000 3835 sibi
1043 3772 1270 3856 opponi
1314 3771 1549 3847 solent;
1595 3773 1843 3855 partim,
1892 3772 2035 3855 quia
2080 3773 2270 3836 etiam
2314 3772 2379 3836 in
2424 3790 2470 3835 s.
2498 3771 2686 3855 scrip-

262 3876 400 3939 tura
445 3891 659 3939 mare
705 3889 890 3955 saepe
937 3870 1289 3956 abyssus
1332 3875 1586 3937 vocatur
1630 3871 1843 3956 (Exod.
1890 3871 1988 3951 15,
2034 3871 2095 3936 5.
2142 3873 2279 3937 coll.
2327 3891 2383 3935 v.
2413 3873 2558 3955 m).
2610 3911 2690 3923 —-

265 3961 345 4040 111'
375 3993 562 4039 versu
606 3974 665 4039 8.
711 3974 790 4039 ad
833 3973 981 4055 λέγει
1035 3973 1220 4038 debet
1282 3973 1560 4057 suppleri
1613 3976 1915 4056 tanquam
1978 3973 2359 4056 subjectum:
2404 3971 2446 4053 ἤ
2490 3979 2550 4035 ἐκ
2590 3975 2690 4031 m*-

263 4097 444 4147 στεως
468 4072 806 4155 δικαιοσύνη
853 4073 1224 4159 (justitia
1267 4073 1931 4158 fidei);Vulgata
1954 4074 2233 4157 supplet:
2274 4072 2694 4155 scriptura

266 4178 326 4261 (ἤ
387 4176 648 4261 γραφή..)
706 4212 792 4224 -
849 4173 1022 4257 ἐγγύς
1076 4196 1188 4237 σου
1243 4174 1314 4239 τὸ
1377 4178 1535 4258 ῥῆμα
1578 4222 1592 4235 .
1639 4220 1652 4236 .
1699 4222 1713 4235 .
1770 4178 1984 4255 καρδίᾳ
2041 4194 2169 4236 σου.
2257 4172 2315 4239 S.
2378 4175 2690 4258 apusbulffi

273 4279 456 4346 verba
519 4278 674 4343 haec
740 4277 1108 4362 applicando
1169 4278 1305 4342 vult
1378 4277 1614 4342 dicere:
1683 4276 1859 4341 Sicut
1920 4277 1985 4342 in
2050 4275 2244 4340 veteri
2288 4275 2690 4339 Testamenta]

267 4380 528 4446 verbum
573 4378 856 4444 divinum
900 4377 1059 4461 legis
1103 4378 1374 4461 vicinum
1435 4383 1567 4445 erat
1624 4382 1686 4443 et
1745 4379 1823 4444 ad
1885 4396 2166 4456 manum,
2227 4380 2413 4460 atque
2458 4379 2690 4443 solnm-

268 4480 446 4547 modo
488 4497 744 4548 necesse
789 4478 940 4558 erat,
1001 4478 1074 4544 ut
1125 4495 1306 4562 opere
1366 4478 1734 4563 perficiatur,
1796 4515 1869 4527 -
1932 4480 2023 4545 ita
2075 4478 2141 4545 in
2187 4478 2261 4544 N.
2310 4478 2381 4543 T.
2426 4479 2686 4543 verbum
