3234 4992
541 245 624 313 48
923 205 936 220 ἱ
1537 236 1649 292 0⁸1».
1674 240 1761 281 111.
1784 249 1831 281 v.
1857 239 1976 281 5—8.

743 427 818 493 V.
866 426 923 492 5.
972 425 1094 508 „Si
1135 434 1334 490 autem
1388 426 1697 516 injustitia
1758 435 1971 489 nostra
2017 426 2335 514 justitiam
2378 423 2503 490 Dei
2566 423 2976 502 demonstrat,

546 528 698 616 quid
719 527 1032 592 dicemus?
1072 549 1218 590 nwm
1239 528 1500 616 injewtus
1541 535 1629 590 est
1649 525 1841 606 Deus,
1884 526 1991 611 qui
2028 526 2193 589 iram
2234 525 2517 610 inferff‘?
2560 525 2713 590 Vult
2738 526 2979 590 dicere:

548 631 615 696 Si
656 630 774 695 Dei
811 628 1062 712 justitia
1106 627 1439 710 spectatior
1483 630 1546 690 et
1585 627 1887 691 illustrior
1927 627 2204 690 redditur
2245 621 2570 692 hominum
2630 625 2972 708 injustitia,

547 731 694 813 quid
734 729 878 794 inde
917 728 1303 792 inferemus?
1347 746 1499 792 num
1543 727 1699 792 forte
1747 728 1911 792 Deus
1952 727 2222 811 injustus
2268 729 2381 807 est,
2430 729 2484 792 si
2520 745 2753 810 poenas
2778 725 2977 790 infert

544 831 610 894 in
653 831 1048 914 peccatores?
1090 864 1162 874 —
1214 831 1516 908 συνίστημι
1557 828 1619 891 h.
1667 828 1708 892 1.
1774 828 2107 893 manifesto
2128 877 2144 908 ,
2214 829 2589 906 demonstro,
2658 827 2857 912 (idem
2900 844 2980 890 ac

547 930 842 1017 δεικνύμι).
902 967 978 976 -
1027 927 1165 1010 ὀργῆ
1229 930 1290 995 11.
1346 931 1388 994 l.
1454 928 1653 1013 posito
1714 929 2111 994 antecedente
2175 929 2319 1013 (ira)
2383 947 2495 1012 pro
2557 929 2983 1011 consequente

547 1032 813 1117 (poena),
859 1032 1111 1096 denotat
1152 1049 1241 1113 po
1257 1047 1494 1094 enam.
1552 1063 1621 1076 —-
1671 1029 1756 1114 „(
1751 1028 2093 1093 Secundum
2134 1029 2429 1092 hominem
2457 1028 2692 1112 dico)“.
2740 1064 2823 1076 -
2848 1025 2979 1089 κατ’

546 1133 866 1216 ἄνθρωπον
909 1133 1072 1213 λέγω.
1159 1131 1418 1196 Phrasis
1478 1131 1631 1196 haec
1690 1130 1754 1195 in
1808 1131 2047 1195 diverso
2091 1131 2377 1196 contextu
2422 1130 2734 1195 diversum
2778 1127 2984 1192 habet

547 1253 818 1300 sensum.
864 1232 987 1296 Hic
1029 1232 1150 1297 loci
1193 1230 1356 1315 (Gal.
1404 1231 1462 1309 3,
1512 1230 1608 1295 15.
1659 1231 1712 1294 1.
1763 1229 1894 1296 Cor.
1942 1231 2001 1307 9,
2048 1229 2135 1313 8.)
2179 1231 2425 1312 phrasis
2468 1231 2619 1295 haec
2677 1230 2981 1293 denotat:

545 1354 714 1401 more
756 1334 1081 1399 hominum
1121 1333 1354 1413 loquor,
1400 1331 1504 1412 qui
1547 1331 1662 1395 tali
1706 1330 1887 1395 modo
1932 1331 2133 1394 solent
2192 1331 2505 1413 colligere,
2581 1349 2755 1394 seu:
2824 1333 2979 1392 utor

548 1435 754 1500 verbis
797 1433 1074 1518 repetitis
1118 1452 1155 1497 a
1196 1431 1326 1496 vita
1369 1431 1704 1508 communi,
1752 1435 1936 1512 atque
1978 1430 2231 1514 respicit
2252 1430 2331 1495 ad
2354 1430 2542 1496 verba
2562 1449 2931 1513 praegressa
2965 1453 2981 1493 z

550 1556 735 1602 num
777 1535 1136 1618 injustus
1202 1535 1331 1596 est
1389 1532 1645 1597 Deus?
1703 1568 1780 1578 —-
1825 1532 2052 1615 quippe
2095 1549 2250 1613 quae
2294 1531 2371 1595 de
2414 1531 2547 1595 Deo
2592 1531 2807 1596 stricte
2852 1549 2988 1595 non

552 1637 754 1716 dici,
799 1637 927 1700 imo
970 1654 1049 1698 ne
1092 1632 1452 1716 cogitari
1495 1633 1744 1714 quidem
1788 1632 1865 1696 ab
1910 1631 2159 1697 homine
2203 1631 2304 1714 pio
2351 1632 2610 1714 possint.

753 1735 828 1801 V.
876 1736 933 1799 6.
981 1732 1242 1813 „Absitl
1305 1732 1614 1818 alioquin·
1646 1730 1941 1817 quomodo
1990 1730 2309 1821 judicabit
2351 1732 2524 1796 Deus
2587 1731 2984 1796 mundum“i²

549 1837 703 1903 Vult
748 1837 987 1901 dicere:
1048 1834 1239 1900 Absit
1281 1833 1434 1898 haec
1475 1833 1693 1916 impia
1756 1833 2085 1916 cogitati03
2152 1851 2300 1897 nam
2367 1833 2421 1898 si
2464 1833 2635 1898 Deus
2701 1833 2987 1916 injustus

550 1941 732 2015 esset,
777 1954 975 2020 genus
1018 1936 1362 2001 humanum
1404 1953 1528 2000 non
1571 1937 1783 2018 posset
1817 1934 2129 2016 judieare3
2175 1935 2347 2016 atqui
2390 1935 2701 2000 credimus
2734 1952 2983 2011 omneS‚

547 2039 754 2103 Deum
799 2056 931 2103 esse
967 2036 1393 2119 judicaturum
1436 2054 1651 2100 omnes
1709 2035 2013 2100 homines.
2061 2072 2143 2080 —
2186 2032 2427 2116 κόσμος,
2472 2036 2768 2114 mundus,
2827 2035 2895 2099 h.
2942 2037 2986 2098 l.

551 2138 873 2205 continens
918 2155 1025 2221 pro
1071 2139 1392 2202 contento:
1437 2155 1703 2219 genus
1746 2136 2189 2208 humanum.

661 2245 666 2250 '
756 2238 831 2305 V.
883 2239 938 2302 7.
1006 2237 1127 2317 „Si
1189 2237 1347 2301 enim
1409 2237 1637 2300 veritas
1678 2236 1804 2299 Dei
1865 2237 1931 2299 in
1994 2259 2121 2302 meo
2162 2236 2480 2302 mendacio
2524 2237 2879 2301 abundavit
2922 2237 2993 2300 in

551 2339 814 2424 yloriam
855 2342 1004 2426 eju3,
1048 2337 1198 2422 quid
1241 2335 1440 2402 adhuc
1482 2347 1538 2401 et
1580 2359 1685 2422 090
1729 2346 2021 2422 tanquam
2052 2348 2340 2424 peccator
2388 2338 2740 2429 judicoffl‘?
2827 2339 2991 2404 Vult

555 2440 790 2504 dicere:
857 2437 923 2504 Si
987 2437 1157 2503 enim
1221 2437 1524 2502 veracitas
1568 2438 1689 2502 Dei
1750 2438 1970 2503 clarior
2013 2445 2075 2503 et
2132 2439 2429 2506 illustrior
2490 2440 2659 2505 faeta
2704 2439 2806 2504 est
2876 2458 2988 2522 per

553 2539 927 2624 injustitiam
991 2557 1199 2604 meam
1244 2536 1525 2620 (peccata
1585 2540 1772 2622 mea),
1840 2557 1948 2603 eur
2013 2558 2124 2623 ego
2188 2541 2562 2606 condemnor
2626 2543 2692 2605 et
2758 2538 2990 2624 punior

551 2644 853 2722 tanquam
874 2640 1210 2722 peccator?
1257 2673 1335 2685 —
1380 2639 1668 2704 Assumit
1692 2658 1742 2704 s.
1766 2640 2001 2704 Paulus
2024 2640 2090 2704 in
2134 2659 2216 2704 se
2258 2659 2586 2723 personam
2610 2641 2984 2725 peccatoris,

555 2741 734 2824 quasi
777 2741 1038 2805 diceret:
1094 2738 1160 2805 Si
1204 2743 1463 2824 peccata
1505 2741 1828 2806 hominum
1872 2761 1982 2824 per
2026 2761 2092 2806 se
2128 2741 2443 2825 justitiam
2492 2743 2613 2807 Dei
2655 2741 2989 2806 clariorem

554 2845 618 2906 et
659 2840 1061 2906 illustriorem
1127 2841 1415 2918 reddunt,
1481 2844 1668 2923 atque
1713 2841 1844 2924 ejus
1889 2843 2155 2924 gloriam
2200 2844 2583 2925 promovent,
2631 2862 2744 2907 cur
2788 2843 2989 2926 igitur

550 2944 752 3009 adhue
817 2943 1102 3008 homines
1169 2946 1464 3024 tanquam
1532 2946 1881 3024 peccatores
1948 2944 2337 3025 puniuntur?
2380 2981 2465 2991 —
2522 2941 2789 3025 ἀλήθεια
2832 2943 2897 3007 11.
2944 2945 2989 3008 l.

553 3047 651 3110 est
694 3043 921 3109 veritas
965 3043 1084 3108 Dei
1129 3043 1404 3121 moralis,
1449 3043 1490 3108 i.
1516 3062 1565 3107 e.
1593 3043 1725 3126 ejus
1749 3044 2071 3108 veracitas.
2124 3081 2187 3091 -
2236 3043 2482 3126 ψεύσμα
2526 3046 2990 3131 (mendacium)

550 3147 612 3210 h.
659 3147 698 3211 1.
747 3145 916 3210 idem
981 3163 1055 3209 ae
1123 3143 1323 3204 ἀδικία
1387 3143 1787 3228 (injustitia);
1831 3181 1916 3190 —
1961 3147 2023 3209 et
2085 3141 2354 3227 κρίνομοὲι
2422 3148 2591 3212 idem
2636 3165 2742 3212 ac:
2808 3171 2990 3208 κατα-

551 3249 833 3329 κρίνομαι,
878 3246 1358 3311 condemner
1400 3245 1520 3330 (uti
1564 3265 1618 3310 v.
1667 3247 1724 3311 8.
1770 3251 1944 3330 κρίμα
1984 3247 2150 3313 idem
2197 3249 2360 3330 quod
2401 3244 2775 3332 κατάκριμα).
2819 3284 2904 3295 -

755 3347 835 3412 V.
881 3348 938 3411 8.
984 3347 1113 3427 „Et
1153 3370 1263 3411 cur
1303 3369 1426 3411 non
1472 3347 1658 3430 (sicut
1698 3347 2169 3430 calumniamur,
2212 3360 2267 3412 et
2307 3351 2462 3414 sicut
2503 3355 2685 3441 ajunt
2728 3351 2995 3436 quidam

550 3443 662 3512 nos
702 3445 954 3530 dicere),
979 3447 1309 3530 faciamus
1349 3447 1541 3527 mala,
1583 3457 1653 3512 ut
1692 3450 1940 3513 veniant
1982 3449 2225 3515 hanff?
2291 3452 2446 3516 Vult
2489 3453 2727 3519 dicere:
2775 3451 2991 3533 Quare

553 3546 760 3630 potius
804 3564 928 3612 non
971 3565 1318 3629 peccemuS,
1379 3550 1771 3616 cumulemus
1813 3555 2073 3633 peccata
2113 3554 2405 3636 peccatiS,
2476 3559 2547 3619 ut
2588 3555 2741 3619 inde
2784 3557 2993 3640 major

551 3648 683 3713 Deo
727 3647 926 3732 gloria
967 3649 1302 3728 proveniat,
1347 3649 1509 3714 sieut
1552 3650 1745 3733 aliqui
1788 3670 1897 3734 per
1940 3653 2317 3718 calumniam
2378 3655 2593 3720 dicunt
2656 3658 2733 3722 de
2778 3659 2989 3738 nobis,

553 3749 744 3814 verba
786 3749 998 3813 nostra
1042 3747 1128 3812 sic
1170 3748 1682 3832 interpretantes,
1747 3752 1925 3833 quasi
1965 3770 2079 3817 nos
2123 3753 2215 3817 ita
2255 3755 2631 3836 loquamur?
2678 3793 2755 3804 -—-
2803 3759 2992 3842 Apo-

553 3851 752 3916 stolus
795 3849 882 3914 sic
925 3848 1101 3914 illam
1145 3849 1408 3933 impiam
1452 3852 1951 3933 consequentIam
1996 3852 2076 3937 (v.
2125 3854 2213 3937 6.)
2258 3855 2317 3918 11.
2365 3855 2404 3918 l.
2454 3875 2526 3920 ex
2570 3875 2640 3921 eo
2706 3859 2987 3940 repellit,

553 3952 734 4034 quod,
783 3951 837 4015 si
879 3968 1026 4015 vera
1069 3949 1170 4030 sit,
1230 3951 1366 4034 jam
1413 3955 1725 4035 sequatur,
1798 3954 2047 4019 omnino
2090 3954 2274 4019 licere
2321 3956 2561 4021 malum
2626 3956 2855 4037 facere,
2932 3961 2994 4026 si

551 4053 785 4119 bonum
828 4049 971 4115 inde
1017 4053 1275 4117 eveniat.
1321 4088 1406 4098 —
1447 4052 1773 4133 „Quorum
1796 4053 2113 4144 judicium
2138 4059 2378 4145 justum
2420 4061 2570 4136 esff‘,
2592 4057 2633 4122 i.
2660 4078 2712 4124 e.
2741 4077 2990 4139 eorum,

552 4155 657 4237 qui
701 4152 936 4232 dieunt,
981 4152 1387 4220 faciamus
1432 4155 1645 4220 mala
1688 4158 1826 4235 etc,
1873 4175 2064 4238 quum
2107 4157 2451 4239 pessimum
2497 4159 2583 4223 sit
2604 4159 2725 4226 1100
2754 4164 2994 4244 agendi

554 4254 949 4337 principium,
985 4254 1162 4338 justa
1207 4256 1302 4320 est
1346 4255 1797 4320 condemnatio.

751 4353 976 4419 Nota.
1047 4355 1380 4420 Peccatum
1445 4375 1582 4438 per
1647 4375 1727 4421 se
1794 4359 1856 4420 et
1922 4356 2246 4422 directe
2311 4376 2435 4423 non
2498 4360 2656 4426 facit
2714 4363 2797 4428 ad
2865 4365 2991 4430 Dei

555 4453 889 4534 gloriam
931 4453 1084 4536 (imo
1107 4473 1218 4537 per
1239 4473 1303 4520 se
1349 4457 1657 4521 avertit
1701 4475 1739 4519 a
1782 4455 1975 4540 Deo):
2022 4456 2132 4522 sed
2176 4459 2423 4523 tantum
2467 4479 2579 4543 per
2622 4463 2987 4529 accidens
