3234 4992
543 253 626 323 58
1523 259 1633 311 Cap.
1660 259 1746 301 111.
1772 269 1817 300 v.
1845 259 2012 300 29-30.

753 446 821 526 a)
869 446 1086 510 Plures
1130 446 1374 512 codices
1417 449 1558 530 post
1600 443 1968 529 λογιζόμεθα
2021 446 2241 529 legunt
2280 446 2389 528 γάρ
2436 445 2727 529 (enim),
2774 446 2865 511 ita
2907 446 2972 509 et

549 546 605 608 V
629 546 913 630 nlgata
978 551 1041 610 et
1083 547 1302 612 Patres
1368 549 1589 626 multi3
1656 567 1811 632 quae
1873 547 2079 625 lectio,
2148 548 2201 612 si
2267 550 2589 625 teneatur,
2657 548 2733 612 de
2808 566 2968 611 nexu

549 650 921 726 samnii,
981 666 1162 732 quem
1209 650 1473 726 indicat,
1535 650 1655 715 hoc
1700 650 1883 714 modo
1949 650 2065 714 erit
2121 648 2567 733 judicandum:
2634 649 2709 713 In
2751 668 2807 714 v.
2855 649 2959 713 27.

545 750 909 834 principalis
957 752 1261 816 sententia
1304 753 1432 817 est:
1479 751 1844 817 Gloriationi
1889 770 2018 817 non
2054 754 2149 816 est
2194 751 2464 834 amplius
2508 751 2681 814 locus
2730 787 2803 796 —-
2851 750 2973 814 hoc

549 850 757 914 effecit
797 850 1135 916 ehristiana
1177 853 1390 937 religio
1447 854 1512 918 in
1572 853 1875 918 mundum
1933 853 2300 917 introducta.
2394 849 2597 917 Versu
2654 851 2755 916 28.
2822 851 2969 915 dein

549 954 701 1014 haec
769 953 1074 1018 sententia
1136 953 1528 1019 firmatur
1591 955 1829 1020 verbis:
1917 953 2109 1019 Nam
2177 971 2547 1036 persuasum
2605 952 2741 1036 jam
2802 971 2972 1017 nunc

549 1054 865 1130 hahemus,
913 1054 1233 1121 hominem
1271 1056 1597 1138 justificari
1641 1074 1761 1121 non
1806 1056 1884 1119 ob
1949 1073 2220 1138 opera,
2288 1056 2423 1138 lege
2468 1054 2748 1119 Mosaica
2793 1073 2971 1137 prae-

549 1154 741 1234 cepta,
789 1158 1012 1238 quibus
1053 1156 1179 1221 fors
1224 1161 1431 1240 posset
1475 1157 1758 1240 gloriari,
1828 1157 1937 1221 sed
1974 1155 2308 1239 justificari
2356 1175 2498 1220 eum
2545 1175 2653 1240 per
2718 1155 2973 1220 fidem

545 1254 609 1318 iu
657 1254 990 1322 Christum.

757 1358 821 1442 b)
869 1360 994 1423 Alii
1054 1379 1195 1425 vero
1262 1361 1505 1426 codices
1571 1360 1783 1443 plures
1851 1379 1995 1425 cum
2063 1381 2110 1427 s,
2182 1358 2833 1442 chrysostomo
2909 1357 2977 1420 et

549 1458 1175 1542 Theuphflacto
1240 1463 1459 1546 legunt
1526 1461 1633 1524 οὖν
1680 1461 2033 1546 (igitur);
2096 1480 2250 1546 quae
2293 1460 2516 1537 lectio,
2564 1459 2617 1524 si
2661 1459 2969 1526 teneatur,

549 1578 765 1622 versus
811 1562 909 1626 hic
953 1563 1228 1628 continet
1272 1565 1879 1629 conclusionem
1925 1583 1997 1628 ex
2020 1565 2331 1647 superiore
2353 1562 2528 1646 parte
2552 1561 2636 1646 (v,
2661 1560 2968 1645 21—26.)

553 1658 865 1726 fluentem.
913 1662 1089 1728 Prior
1131 1667 1345 1729 tamen
1387 1666 1570 1731 lectio
1615 1665 1857 1730 videtur
1901 1665 1980 1728 ob
2025 1666 2219 1730 testes
2262 1665 2531 1748 potiores
2567 1662 2975 1746 praeferenda

549 1782 705 1826 esse.
753 1802 837 1810 -
881 1764 1049 1827 Dicit
1092 1765 1154 1830 in
1202 1766 1549 1848 plurali:
1616 1766 2066 1843 existimamus,
2128 1767 2271 1850 quia
2330 1765 2604 1848 loquitur
2646 1764 2720 1828 de
2762 1782 2849 1843 re,
2896 1764 2975 1828 de

549 1886 669 1946 qua
713 1866 853 1930 aliis
901 1886 1089 1951 aeque
1132 1873 1203 1933 ut
1248 1869 1369 1933 sibi
1384 1869 1519 1951 jam
1555 1887 1720 1934 nunc
1763 1888 2122 1952 persuasum
2171 1887 2309 1932 esse
2355 1865 2665 1950 supponit.
2708 1864 2975 1930 Dativus

549 1970 733 2026 πίστι-ι
781 1978 877 2030 sst
937 1970 1104 2035 idem
1168 1990 1240 2036 ac
1285 1971 1385 2032 διὰ
1429 1975 1696 2042 πίστεως.
1785 1971 2035 2036 Verbis:
2099 1987 2337 2052 opera
2398 1969 2471 2032 le
2489 1967 2616 2051 gis
2674 1966 2978 2049 intelligit

549 2086 733 2150 spera
801 2070 925 2150 legi
989 2073 1207 2137 morali
1273 2073 1348 2138 V.
1417 2073 1485 2138 T.
1555 2073 1704 2157 (legi
1770 2072 2109 2155 Mosaicae)
2175 2087 2477 2153 congrua,
2544 2067 2651 2132 sed
2713 2067 2746 2130 f
2753 2067 2830 2131 id
2855 2086 2977 2132 em

553 2173 1168 2250 praesedentia.
1232 2173 1392 2253 Quid
1439 2176 1759 2258 apostolus
1803 2194 1912 2258 per
1954 2174 1987 2237 f
1997 2174 2204 2237 idem
2247 2170 2575 2254 intelligat,
2621 2169 2760 2234 vide
2805 2168 2979 2234 dicta

553 2274 609 2338 1.
661 2274 753 2338 17.
805 2274 1110 2351 Ceterum,
1159 2276 1212 2339 si
1257 2277 1561 2341 Paulus
1606 2277 1777 2353 dicit,
1817 2276 2133 2340 hominem
2166 2271 2497 2356 justificari
2542 2290 2683 2354 per
2724 2270 2979 2335 fidem

549 2374 717 2434 sine
765 2375 1179 2458 uperibuS‚
1227 2395 1272 2440 s.
1311 2377 1676 2442 Jacobus
1723 2381 1935 2441 autem
1963 2378 2157 2455 docet,
2197 2375 2527 2439 inanem
2560 2391 2693 2437 esse
2724 2371 2979 2437 fidem

553 2474 729 2538 sins
777 2475 1192 2558 uper-ibim,
1261 2496 1385 2542 non
1428 2481 1711 2562 pugnant
1754 2479 1913 2543 inter
1959 2497 2045 2555 se,
2105 2476 2251 2560 quia
2296 2493 2346 2538 s,
2392 2473 2627 2539 Paulus
2694 2472 2978 2556 loquitur

553 2574 625 2638 [le
653 2577 957 2654 epe-ribus,
1002 2595 1158 2658 quae
1201 2578 1449 2643 fidem
1493 2580 2042 2661 praecedunt,
2085 2578 2358 2643 Jacobus
2390 2593 2531 2640 vero
2556 2576 2631 2640 de
2654 2574 2968 2657 operibus,

549 2694 705 2758 quae
769 2678 1014 2742 fidem
1085 2683 1566 2762 sequuntur,
1636 2698 1754 2762 quo
1821 2680 2011 2744 etiam
2073 2679 2255 2744 modo
2300 2678 2432 2761 ipse
2475 2676 2709 2741 Paulus
2756 2676 2980 2740 multis

549 2778 817 2858 loquitur
885 2778 1034 2843 lucis
1079 2779 1299 2865 (Aug.)
1365 2818 1448 2828 —
1513 2781 1966 2860 Lutherus‚
2032 2785 2102 2846 ut
2167 2798 2345 2844 suam
2411 2779 2487 2842 de
2556 2777 2739 2841 sola
2802 2776 2980 2841 fide

553 2878 821 2942 salviflua
869 2878 1205 2944 doctrinam
1250 2881 1331 2948 ab
1373 2883 1509 2964 ipso
1553 2882 1749 2947 Paulo
1794 2882 2174 2965 propositam
2218 2883 2391 2945 tanto
2458 2879 2773 2945 nervosius
2816 2896 2967 2961 pro-

557 2978 749 3054 hat-et,
797 2978 1055 3044 inseruit
1097 2981 1198 3045 hic
1241 3000 1493 3047 vocem:
1563 2983 1766 3057 sola:
1827 2987 1888 3046 et
1931 3002 2119 3065 quum
2168 2984 2417 3064 propter
2456 2980 2619 3045 hanc
2661 2979 2869 3044 textus
2918 2997 2973 3044 s.

554 3082 1090 3162 interpolatiunem
1135 3083 1603 3165 vituperaretur,
1654 3083 1931 3167 scripsit:
1981 3083 2082 3149 Sic
2126 3084 2285 3160 v010‚
2333 3082 2423 3147 sic
2459 3081 2683 3164 jubeo:
2728 3081 2813 3144 sit
2855 3098 2969 3163 pro

553 3182 789 3246 satiens
837 3181 1141 3250 voluntas.

757 3282 825 3346 V.
877 3286 972 3346 29.
1039 3284 1186 3363 „An
1251 3284 1637 3349 Judaeorum
1700 3293 1936 3348 tantum
1980 3284 2190 3347 Dea-s?
2271 3283 2492 3346 Nonne
2548 3290 2604 3344 et
2666 3281 2934 3366 yentium
2954 3282 2984 3344 ‚2

549 3382 829 3466 prefectu
877 3394 929 3446 st
968 3386 1293 3469 yentium“.
1345 3385 1499 3450 Vult
1543 3386 1784 3450 dicere:
1832 3384 2009 3464 Quod
2054 3385 2278 3448 attinet
2322 3383 2401 3448 ad
2436 3383 2974 3466 justificationem,

557 3502 677 3546 nun
725 3486 925 3546 sulum
968 3485 1349 3550 Judaeorum
1396 3490 1493 3551 est
1536 3486 1728 3563 Deus
1776 3486 2122 3550 sedetiam
2189 3485 2555 3568 gentilium:
2619 3486 2759 3548 tum
2804 3483 2981 3547 enim

557 3590 721 3646 esset
761 3586 1140 3649 ‚Iudaeorum
1190 3586 1391 3650 solum
1442 3587 1628 3663 Deus
1675 3587 1728 3651 si
1754 3585 2120 3670 justificatio
2147 3587 2442 3670 penderet
2465 3605 2537 3650 ex
2580 3584 2983 3668 operibus

557 3686 709 3766 legis
777 3685 1105 3752 Musaicae.
1199 3686 1423 3752 Versus
1488 3688 1590 3753 hic
1653 3691 1716 3752 et
1777 3707 1830 3752 v.
1862 3689 1979 3773 ⁶30.
2051 3687 2371 3752 continent
2436 3688 2879 3772 argumentum
2947 3705 2983 3748 e

557 3790 889 3850 nuntrar
910 3790 921 3849 i
945 3805 994 3851 o,

765 3886 837 3950 V.
885 3890 982 3954 30.
1029 3887 1585 3975 „Quandoquidem
1627 3911 1786 3952 unus
1828 3898 1914 3952 cst
1956 3889 2188 3952 Deus‘ss
2278 3886 2742 3953 Confirmat
2784 3886 2984 3961 hisce,

557 3990 717 4070 quud
765 3990 1030 4054 dixerat:
1074 3991 1244 4056 Deus
1289 3992 1478 4056 etiam
1523 3993 1852 4074 gentilium
1900 3992 2069 4055 Deus
2113 3995 2227 4067 est,
2274 3994 2338 4055 et
2383 4008 2603 4055 sensus
2650 3990 2778 4052 est:
2823 3986 2983 4051 Pro-

557 4090 717 4154 fecto
777 4090 945 4154 Deus
1013 4091 1204 4156 etiam
1269 4092 1596 4174 gentilium
1660 4093 1829 4158 Deus
1896 4095 2008 4170 est,
2076 4091 2574 4175 quandoquidem
2639 4090 2805 4154 Deus
2839 4091 2971 4151 'est

557 4210 709 4254 unu
737 4210 761 4254 s
785 4242 801 4266 ⁴,
849 4194 1120 4276 adeoque
1163 4193 1331 4256 idem
1377 4193 1654 4257 omnium
1695 4193 1863 4256 Deus
1907 4194 1989 4258 sit
2032 4210 2284 4257 necesse
2329 4194 2440 4257 est.
2486 4191 2702 4256 Lectio
2749 4191 2983 4264 ἐπείπερ

565 4294 1104 4374 (quandoquidem,
1173 4293 1253 4356 da
1310 4293 1380 4375 ja
1445 4293 1632 4377 doch)
1702 4293 1882 4357 seriei
1946 4295 2335 4376 cogitatuum
2403 4294 2605 4381 magis
2671 4290 2980 4374 congruit,

557 4414 745 4474 quum
793 4398 949 4474 simp
1012 4394 1094 4476 (si
1151 4394 1424 4475 quidem,
1482 4414 1662 4458 wenn
1723 4394 1998 4478 andem).
2046 4435 2127 4448 -
2170 4393 2344 4472 „Qui
2384 4393 2691 4484 justificat
2731 4394 2984 4456 circum·

561 4494 841 4558 sisinum.
885 4518 961 4558 ezr-
983 4494 1138 4579 fide,
1181 4503 1236 4556 et
1267 4495 1665 4585 praeputium
1697 4516 1815 4586 per
1840 4494 2097 4578 fidcm“.
2144 4494 2466 4563 Sententia
2510 4495 2664 4559 haec
2705 4492 2983 4560 continet
