3234 4992
3109 0 3147 235 l

581 259 706 324 238
1570 257 1681 311 cap.
1706 259 1803 302 XV.
1827 270 1875 301 v.
1901 258 2068 302 lis-19.

584 445 730 509 dare
787 445 1015 509 literas.
1069 482 1140 494 --
1188 444 1474 527 καύχησις
1534 450 1629 509 est
1693 445 2129 528 gloriatiO,
2197 447 2256 512 h.
2318 448 2357 511 l.
2427 445 2768 510 materia
2834 446 2981 527 glo-

583 546 896 623 riandi,
968 565 1078 628 per
1141 566 1328 629 quam
1395 547 1693 630 intelligit
1753 566 2116 631 prosperum
2176 567 2536 613 successum
2592 548 2659 611 in
2703 546 2985 629 evangelii

581 647 1032 728 praedicatione
1079 649 1243 731 apud
1285 650 1575 731 gentiles.
1626 685 1704 695 -
1755 650 1991 714 Verba:
2050 651 2128 714 in
2176 648 2517 715 Christo
2562 648 2607 713 J
2628 667 2769 711 esu
2827 647 2986 728 jungi

585 748 813 811 debent
857 766 999 812 cum
1044 766 1192 813 voce
1248 747 1544 831 καύχησιν,
1592 751 1709 814 hoc
1752 750 1971 814 modo:
2038 751 2236 815 habeo
2302 750 2634 815 materiam
2702 748 2985 831 gloriandi

582 850 645 912 in
694 848 938 913 Christo
983 849 1022 914 J
1031 869 1155 927 esu,
1203 855 1265 913 et
1309 869 1526 915 sensus
1573 855 1703 915 est:
1765 851 2033 933 Prosper
2077 851 2471 935 evangelicae
2532 849 2697 933 apud
2742 849 2984 932 gentiles

581 942 1056 1031 praedicationis
1103 969 1431 1016 successus
1476 969 1596 1015 non
1647 952 1804 1015 meis
1847 952 2106 1029 viribuS,
2152 952 2260 1016 sed
2307 949 2680 1027 Christe,
2743 969 2852 1033 per
2904 967 2987 1010 me

582 1053 878 1133 operanti,
938 1052 1304 1116 tribuendus
1350 1056 1464 1117 est.
1531 1089 1604 1099 —
1667 1050 1740 1113 τά
1788 1051 1941 1134 πρὸς
1979 1050 2083 1115 τόν
2141 1053 2307 1129 θεὸν,
2350 1054 2417 1117 111
2463 1052 2559 1130 118,
2626 1051 2763 1114 scil.
2808 1050 2986 1123 rebuS,

582 1171 738 1234 quae
783 1154 862 1218 ad
903 1154 1108 1218 Deum
1155 1154 1486 1235 pertinent,
1532 1153 1572 1217 i.
1622 1175 1672 1217 e.
1720 1155 1783 1217 in
1829 1156 2015 1220 rebus
2060 1156 2303 1234 divinis,
2350 1153 2561 1231 sacriS,
2608 1170 2719 1216 seu
2762 1151 2828 1215 in
2871 1169 2987 1213 mu-

577 1273 718 1317 nere
762 1273 901 1318 meo
947 1255 1332 1319 sacerdotali.

786 1354 860 1418 V.
911 1356 1007 1419 18.
1053 1355 1250 1433 „Non
1314 1356 1472 1419 enim
1535 1355 1771 1420 audebo
1817 1354 2060 1440 aliquid
2124 1356 2325 1419 dicere
2389 1376 2616 1433 eorum,
2683 1373 2842 1438 quae
2888 1372 2990 1435 per

579 1477 671 1519 me
711 1478 831 1518 non
889 1455 1081 1541 effecit
1129 1455 1420 1536 Christus,
1479 1458 1547 1520 in
1603 1456 2006 1520 obedientiam
2061 1458 2406 1542 9entium;“
2466 1456 2503 1519 i.
2555 1475 2608 1519 e.
2658 1472 2784 1517 non
2841 1452 2988 1515 enlm

577 1558 817 1621 audebo
862 1558 1167 1640 gloriandi
1211 1576 1398 1622 causa
1443 1576 1929 1622 commemorare
1988 1558 2223 1641 aliquid
2282 1576 2495 1621 earum
2557 1574 2791 1631 rerum,
2851 1572 2986 1635 quas

576 1678 685 1741 per
728 1677 829 1721 me
883 1662 1171 1739 operatus
1237 1676 1361 1724 non
1425 1660 1613 1723 fuerit
1659 1659 1942 1724 Christus
2007 1661 2085 1723 ad
2146 1659 2478 1742 gentilium
2538 1656 2984 1721 conversionem

576 1758 980 1823 efficiendam.
1047 1795 1133 1805 -
1198 1758 1423 1824 Verbis
1489 1761 1586 1824 his
1654 1764 1931 1825 removet
2003 1778 2042 1824 a
2106 1780 2172 1824 se
2216 1760 2635 1843 suspicionem
2699 1757 2899 1821 inanis
2937 1759 2987 1817 et

576 1877 768 1922 vanae
812 1860 1209 1942 gloriatio
1229 1860 1370 1923 nis.
1425 1898 1493 1907 -
1544 1867 1627 1931 εἰς
1686 1861 1948 1943 ὑπακοήν
2011 1864 2221 1938 ἐθνῶν,
2277 1860 2316 1924 1.
2366 1880 2416 1925 8.
2464 1861 2541 1923 ad
2586 1858 2982 1933 efficiendum,

573 1964 645 2024 ut
687 1962 954 2043 gentiles
1001 1961 1324 2025 obedirent
1369 1964 1705 2047 evangelio,
1754 1984 1923 2028 seu:
1985 1965 2062 2028 ad
2124 1963 2458 2047 gentilium
2506 1959 2985 2024 conversionem.

575 2065 764 2124 ἐθνῶν
808 2062 867 2126 h.
914 2063 953 2125 l.
1020 2066 1116 2126 est
1160 2063 1464 2145 genitivus
1511 2064 1908 2147 subjecti,
1972 2084 2080 2129 seu
2139 2082 2454 2147 personae.
2502 2098 2587 2108 ——
2649 2057 2903 2141 „Verbo
2941 2066 2987 2120 et

501 2169 511 2179 ‘
575 2169 815 2249 opere“,
862 2164 900 2228 i.
949 2183 998 2227 e.
1049 2164 1352 2246 evangelii
1409 2165 1871 2248 praedicatione
1932 2170 1995 2230 et
2059 2166 2498 2230 miraculorum
2544 2162 2985 2247 perpetratione

575 2264 736 2347 (scil.
782 2264 1220 2346 efficiendam).
1313 2264 1428 2330 Per
1485 2266 1822 2330 verbum
1880 2265 2289 2350 intelligenda
2332 2269 2429 2329 est
2473 2263 2788 2346 evangelii
2831 2278 2984 2344 prae-

574 2365 834 2440 11188ῢίος
879 2384 990 2447 per
1033 2383 1224 2446 opus
1269 2369 1480 2429 autem
1525 2367 1904 2449 perpetratio
1951 2367 2413 2445 miraculorum,
2460 2366 2555 2430 uti
2600 2365 2823 2431 statim
2869 2362 2985 2444 ipse

574 2484 658 2529 ex
679 2463 959 2547 plicat.

771 2564 848 2629 V.
919 2566 1016 2629 19.
1083 2612 1124 2643 „
1143 2564 1379 2629 Virtute
1442 2568 1753 2651 eiqnorum
1797 2576 1852 2631 et
1883 2568 2383 2654 prodigiorumf‘
2448 2567 2486 2630 i.
2557 2586 2607 2629 e.
2680 2562 2984 2629 effectione

577 2664 896 2748 signorum
940 2668 1003 2727 et
1047 2663 1503 2731 miraculorum.
1592 2676 1805 2750 σημεῖα
1864 2673 1926 2732 et
1984 2670 2196 2750 τέρατα
2258 2668 2597 2733 notione
2657 2653 2983 2732 non'diffe-

572 2771 750 2844 runt,
816 2772 1148 2848 utrumque
1203 2768 1573 2833 vocabulum
1637 2770 1945 2854 significat
2004 2791 2167 2835 rem
2228 2769 2767 2843 inusitatam,
2815 2764 2984 2829 mira-

577 2868 790 2933 biliter
854 2870 1066 2933 contra
1130 2871 1419 2935 naturam
1484 2871 1735 2935 factam.
1825 2873 2147 2951 Attamen,
2208 2870 2493 2953 quamvis
2556 2868 2813 2932 notione
2876 2882 2984 2929 non

575 2970 880 3049 differant,
928 2972 1186 3036 eandem
1231 2992 1362 3037 rem
1407 2974 1776 3038 inusitatam
1824 2975 2061 3038 diverse
2108 2973 2493 3055 exprimunt-3
2555 2989 2707 3034 nam
2761 2973 2982 3048 σημεῖον

575 3077 672 3137 est
715 3092 812 3137 res
857 3073 1176 3151 inusitata,
1223 3075 1594 3139 mitabiliter
1640 3076 1821 3151 facta,
1870 3094 1989 3158 qua
2038 3076 2202 3139 Deus
2249 3072 2485 3157 aliquid
2545 3069 2821 3153 signif
2830 3069 2982 3132 icat

573 3175 654 3257 (v.
703 3193 754 3239 c.
803 3175 1026 3240 cibatio
1094 3176 1262 3240 5000
1324 3176 1674 3255 hominum,
1743 3195 1865 3259 qua
1930 3176 2394 3257 significabatur
2457 3174 2568 3237 illa
2631 3170 2982 3255 mysteriosa

576 3275 901 3341 hominum
962 3278 1422 3342 innumerorum
1483 3298 1590 3361 per
1635 3298 1681 3341 8.
1732 3277 2216 3362 eucharistiam),
2280 3278 2429 3340 dum
2488 3276 2658 3354 τέρας
2714 3292 2845 3338 rem
2887 3272 2980 3334 de-

572 3381 747 3442 notat
811 3378 1386 3455 extraordinariam,
1455 3381 1711 3457 miram,
1781 3398 1937 3461 quae
2003 3382 2401 3443 terrorem
2479 3377 2708 3442 incutit
2790 3376 2869 3458 (v.
2934 3391 2977 3435 o.

573 3480 790 3562 eJectio
849 3481 1242 3559 daemonum,
1314 3482 1548 3547 sedatio
1607 3481 2005 3562 tempestatis
2066 3480 2132 3544 in
2192 3480 2391 3563 mari).
2463 3516 2535 3526 —
2600 3482 2657 3540 ἐν
2701 3478 2762 3541 h.
2812 3478 2849 3540 l.
2892 3475 2977 3537 in-

572 3582 934 3645 strumenti:
980 3583 1093 3661 vi,
1141 3584 1462 3647 virtute.
1514 3620 1586 3629 -—
1628 3581 1924 3660 „Virtute
1948 3580 2219 3665 Spiritus
2261 3580 2521 3659 saneti“,
2567 3582 2604 3643 i.
2646 3599 2700 3642 8.
2743 3578 2975 3650 virtute,

573 3701 694 3765 qua
754 3680 1021 3764 Spiritus
1083 3691 1337 3749 sanctus
1399 3684 1706 3765 evangelii
1770 3684 2294 3767 praedicationem
2352 3681 2591 3764 adjuvit
2645 3680 2738 3764 (in
2781 3697 2881 3742 me
2924 3677 2978 3737 et

571 3782 1003 3865 auditoribus),
1050 3788 1112 3846 et
1155 3785 1328 3849 varia
1371 3786 1751 3848 charismata
1795 3785 1860 3848 in
1905 3784 2221 3847 credentes
2266 3783 2483 3847 effudit
2527 3783 2695 3865 (coll.
2749 3783 2802 3844 1.
2852 3775 2974 3841 Cor.

573 3887 716 3967 12).
765 3922 848 3932 —
893 3886 1042 3964 „Ita
1083 3893 1151 3947 ut
1195 3884 1272 3947 ab
1318 3885 1750 3969 Hierosolyma
1793 3894 1849 3948 et
1888 3886 1956 3946 in
1998 3885 2257 3947 circuitu
2298 3905 2484 3969 usque
2537 3883 2627 3946 ad
2669 3880 2979 3967 Illyricum

572 3985 934 4050 absolverim
977 3984 1352 4071 evanyelium
1403 3985 1634 4049 Christi
1646 3993 1710 4067 ‚·“
1756 3986 1931 4069 quasi
1976 3986 2241 4050 diceret:
2287 3986 2376 4049 Eo
2422 3990 2665 4062 eventU,
2725 3986 2795 4048 ut
2848 3981 2975 4046 inde

572 4088 651 4153 ab
695 4087 1134 4169 Hierosolyma
1177 4090 1240 4150 et
1301 4087 1363 4149 in
1422 4088 1784 4169 regionibus
1848 4070 2436 4170 circumjacentibus
2482 4104 2677 4167 usque
2720 4085 2797 4149 ad
2838 4083 2976 4163 Illy-

569 4190 766 4254 ricum
809 4189 1046 4253 laetum
1070 4189 1144 4253 de
1169 4187 1418 4253 Christo
1462 4190 1760 4252 nuncium
1804 4188 2193 4266 absolverim,
2243 4206 2353 4252 seu
2377 4187 2718 4252 doctrinam
2760 4180 2972 4250 Christi

570 4291 1056 4375 propagaverim.
1110 4327 1184 4337 —
1230 4290 1421 4354 Hisce
1477 4290 1685 4353 verbis
1732 4289 2047 4371 significat
2104 4288 2511 4353 ambitum
2574 4306 2721 4352 suae
2776 4283 2973 4349 activi-

570 4393 720 4456 tatis
764 4393 1155 4473 apostolieae‚
1203 4390 1594 4472 evangelium
1641 4390 1999 4472 praedicans
2059 4391 2135 4453 ab
2180 4389 2611 4471 Hierosolyma
2666 4407 2851 4470 usque
2904 4381 2971 4447 ad

571 4490 910 4575 Illyricum,
955 4509 1081 4556 non
1128 4492 1353 4555 recta
1394 4491 1513 4568 via,
1561 4490 1670 4554 sed
1715 4507 2212 4571 quaquaversum
2268 4509 2378 4572 per
2439 4489 2793 4570 adjacentes
2838 4486 2969 4550 hinc

3146 248 3149 410 l
