3234 4992
1277 202 1388 254 Otp.
1416 204 1518 245 111.
1544 214 1588 245 v.
1616 204 1759 245 9—10.
2601 206 2727 271 209

292 410 511 458 vocem
579 391 765 455 istam
827 390 1195 482 intelligunt
1253 390 1328 455 de
1389 390 1522 469 tali,
1581 392 1682 457 cui
1740 393 1972 459 donum
2018 392 2315 459 divinitus
2363 408 2726 457 eoncessum

294 496 410 574 est,
457 498 530 559 ut
576 494 896 559 liberalem
946 512 1012 557 se
1057 496 1408 576 praestaret
1433 512 1578 577 erga
1623 512 1883 577 egenos3
1930 494 2029 560 cui
2076 493 2471 578 explicationi
2515 493 2727 558 autem

294 598 360 662 id
406 597 659 662 obstare
703 597 967 671 videtur,
1015 595 1161 676 quia
1205 614 1260 659 v.
1286 595 1343 659 9.
1374 595 1673 660 transitus
1705 595 1778 659 fit
1818 596 1894 659 ad
1937 596 2197 661 virtutes
2244 596 2728 661 christianorum

294 716 779 764 communes
824 696 1244 762 inculcandas.
1298 733 1369 742 —
1420 697 1542 775 „In
1578 695 2030 781 simplicitate“,
2074 697 2111 761 i.
2162 716 2215 761 e.
2259 697 2449 763 faciat
2495 697 2557 761 id
2604 697 2731 761 sin-

295 818 436 865 cero
482 800 694 865 animo
763 798 897 862 sine
968 801 1253 880 respectu
1319 798 1548 882 proprii
1614 798 1925 862 commodi
1993 816 2066 862 ac
2133 798 2265 862 sine
2326 816 2729 882 personarum

295 901 681 983 acceptione.
771 898 831 963 S.
882 897 1526 980 chrysostomus
1570 898 1792 963 verba:
1838 901 1895 961 ἐν
1932 895 2219 980 α’πλότητι
2253 900 2730 982 interpretatur:

295 1001 662 1079 liberaliter,
707 1000 983 1084 largiter.
1034 1035 1110 1044 -
1159 998 1334 1078 „Qui
1362 1006 1676 1085 praeesffl,
1719 999 1758 1065 i.
1800 1020 1847 1065 e.
1897 1001 2002 1083 qui
2046 1000 2482 1085 gubernandae
2530 1001 2732 1066 eccle·

297 1103 432 1167 siae
480 1104 729 1185 praeest
800 1100 919 1184 (uti
980 1101 1324 1185 episcopuS,
1394 1100 1671 1186 pastor);
1740 1121 1845 1167 seu
1890 1102 2266 1185 generatim:
2335 1101 2437 1166 cui
2499 1104 2735 1166 ceteros

294 1203 559 1287 regendi
623 1222 768 1267 cura
827 1202 1166 1268 commissa
1225 1204 1341 1278 est,
1406 1202 1495 1266 uti
1548 1203 1737 1267 rectio
1796 1203 2314 1281 nosocomiorum,
2384 1202 2731 1279 viduarum,

299 1305 707 1389 pupillorum,
775 1304 1102 1387 virginum.
1175 1341 1258 1349 —
1321 1304 1446 1383 „In
1487 1303 1752 1384 sardam
1813 1305 1855 1370 i.
1903 1324 1952 1369 e.
2003 1305 2332 1389 diligenter
2400 1306 2463 1369 et
2524 1304 2735 1369 sedule

297 1407 554 1471 muneri
603 1424 714 1470 suo
757 1406 1097 1471 incumbat.
1155 1444 1223 1453 -—
1272 1404 1448 1484 „Qui
1487 1406 1868 1485 miseretur-‘3
1931 1406 1968 1470 i.
2020 1424 2070 1469 e.
2120 1406 2222 1470 cui
2266 1405 2595 1471 commissa
2639 1407 2737 1469 est

297 1526 457 1573 cura
525 1507 891 1572 miserorum
962 1507 1442 1589 (aegrotantium
1509 1506 1956 1589 potissimum).
2030 1544 2111 1554 —-
2176 1508 2300 1587 „In
2359 1506 2737 1584 hilaritate“,

299 1608 450 1673 scil.
516 1608 725 1685 faciat,
784 1626 926 1671 seu:
991 1606 1174 1671 hilari
1234 1607 1441 1672 animo
1501 1607 1703 1671 officio
1757 1608 1874 1673 hoc
1917 1608 2227 1693 fungatur.
2318 1608 2370 1672 Ii
2417 1608 2604 1686 enim,
2668 1607 2739 1670 ut

296 1710 467 1774 bene
512 1708 799 1773 observat
844 1706 1131 1772 Estius
1156 1757 1173 1787 ,
1218 1726 1369 1790 quos
1416 1709 1667 1773 morbus
1710 1710 1938 1793 affligit
1989 1714 2053 1775 et
2096 1710 2444 1787 contristat,
2491 1729 2564 1773 ex
2609 1708 2738 1772 ala·

299 1812 530 1875 oritate
583 1811 647 1874 et
687 1809 1176 1893 promptitudine
1240 1827 1471 1888 eorum,
1539 1828 1577 1873 a
1638 1811 1861 1892 quibus
1912 1811 2228 1895 Juvantur‚
2294 1810 2549 1894 capiunt
2590 1827 2739 1875 con-

301 1911 700 1977 solationem.

520 2012 596 2076 V.
642 2013 700 2077 9.
751 2010 988 2090 „Amor
1030 2033 1153 2074 non
1209 2010 1594 2091 simulatus“‚
1658 2013 1789 2080 scil.
1838 2013 1938 2078 sit.
2028 2012 2210 2078 Nunc
2267 2013 2411 2096 post
2467 2012 2740 2096 particu-

299 2113 465 2179 laria
532 2114 643 2178 illa
690 2113 926 2177 monita
992 2113 1126 2195 (3-
1147 2111 1235 2194 8.)
1282 2113 1356 2175 de
1423 2113 1586 2176 recto
1651 2133 1769 2177 usu
1814 2114 2281 2191 charismatum,
2329 2114 2549 2179 transit
2590 2130 2739 2196 apo-

304 2218 509 2282 stolus
559 2217 637 2280 ad
681 2215 1087 2279 inculcandas
1132 2214 1339 2278 varias
1384 2214 1746 2279 virtutes
1804 2215 2190 2280 omnibus
2234 2216 2534 2281 Romanis
2580 2214 2742 2279 chri-

303 2319 529 2384 stianis
574 2317 966 2382 necessarias.
1017 2352 1103 2362 —
1146 2312 1550 2396 ἄνυπόκριτος,
1600 2335 1721 2381 non
1767 2316 2062 2395 larvatus,
2124 2334 2245 2383 non
2293 2317 2561 2395 fucatae,
2619 2332 2741 2381 non

306 2421 668 2496 simulatus,
716 2419 754 2482 i.
805 2437 859 2481 e.
905 2437 976 2482 ex
1021 2416 1228 2481 animo
1265 2418 1651 2500 proveniens.
1699 2417 1853 2483 Post
1896 2419 2059 2483 hanc
2101 2437 2310 2484 vocem
2358 2416 2741 2501 supplendus

307 2525 411 2585 est
477 2520 882 2602 imperativus
932 2522 1096 2579 ἔστω.
1159 2554 1246 2564 --
1312 2517 1430 2583 Per
1474 2515 1707 2599 ἀγάπην
1775 2520 2219 2603 intelligendus
2286 2523 2379 2585 est
2440 2536 2614 2584 amor
2678 2517 2746 2581 in

309 2623 520 2686 Deum
569 2624 632 2683 et
684 2621 1050 2705 proximum.
1118 2656 1204 2665 —-
1265 2618 1713 2698 „Abhorrentes
1769 2620 2020 2701 malum,
2082 2621 2475 2685 adhaerentes
2531 2619 2746 2683 bonof‘

308 2724 418 2788 Ad
463 2722 795 2805 participia
841 2722 995 2786 haec
1041 2723 1104 2783 et
1149 2739 1241 2797 ea,
1293 2739 1447 2803 quae
1490 2721 1694 2786 tribus
1742 2722 2024 2788 versibus
2070 2723 2473 2805 sequentibus
2519 2722 2745 2803 legun-

310 2829 436 2902 tur,
485 2823 904 2907 supplendum
949 2826 1049 2887 est
1092 2820 1192 2903 ἦτε
1237 2820 1442 2905 (sitis).
1494 2858 1560 2868 —
1617 2821 1985 2904 ἄποστυγεΐν,
2033 2823 2380 2900 abhorrere,
2429 2820 2742 2885 detestari.

310 2963 401 2973 —
441 2924 510 2989 τὸ
554 2925 810 3006 πονηρὸν
855 2927 950 2988 est
995 2924 1231 2988 malum
1292 2924 1523 2987 morale
1568 2923 1773 3007 (vitia)
1831 2928 1893 2988 et
1936 2921 2005 2984 τό
2056 2920 2291 3004 ἀγαθόν
2334 2924 2567 2988 bonum
2614 2938 2747 2985 mo—

310 3028 444 3093 rale
492 3027 778 3112 (virtutes
825 3025 1064 3108 animi).
1115 3062 1192 3071 ——
1239 3023 1592 3101 κολλᾶσθαι,
1664 3024 2060 3109 agglutinari,
2121 3024 2339 3089 intime
2396 3022 2745 3099 adhaerere,

313 3127 618 3212 conjungi
677 3128 880 3191 alicui.
974 3126 1127 3191 Vult
1202 3144 1346 3209 ergo
1424 3126 1738 3209 apostolus
1801 3126 2035 3191 dicere:
2096 3126 2274 3206 Quod
2330 3125 2569 3190 malum
2630 3124 2746 3202 est,

313 3229 738 3307 detestamini,
786 3229 946 3294 bono
995 3231 1205 3293 autem
1252 3227 1596 3293 adhaerete.

527 3331 598 3395 V.
650 3332 745 3395 10.
795 3328 944 3409 „Ad
988 3329 1343 3393 charitatem
1369 3327 1736 3413 fraternam
1794 3328 1956 3414 quod
2017 3330 2232 3393 attinet
2290 3329 2605 3393 tenerrime
2646 3348 2752 3392 vos

312 3433 572 3497 invicem
615 3435 957 3495 amantes.“
1029 3428 1107 3511 τῇ
1150 3432 1506 3511 φιλαδελφίᾳ
1549 3433 1642 3495 est
1688 3431 1933 3496 dativus
1978 3432 2360 3514 respectu
2382 3450 2447 3510 e,
2494 3430 2586 3495 uti
2631 3430 2751 3495 duo

316 3536 650 3618 sequentes
694 3533 886 3597 dativi
946 3537 1021 3614 τῇ
1066 3538 1205 3615 τιμῇ
1245 3537 1307 3597 et
1359 3537 1430 3616 τῇ
1471 3529 1724 3615 σπουδῇ.
1816 3532 1948 3597 Vox
2006 3534 2360 3615 φιλαδελφία
2416 3536 2754 3617 usurpatur

315 3635 648 3722 speciatim
695 3635 768 3698 de
815 3652 1024 3699 amore
1070 3634 1197 3712 ille,
1263 3652 1381 3715 quo
1427 3633 1638 3698 fideles
1686 3632 2064 3720 (christiani)
2128 3636 2426 3719 tanquam
2491 3635 2753 3700 totidem

315 3739 634 3802 fratres
679 3736 743 3799 in
791 3733 1057 3813 Christo,
1121 3739 1337 3818 utpote
1383 3734 1494 3799 filii
1541 3733 1825 3817 ejusdem
1869 3735 2077 3801 Patris
2125 3738 2434 3815 coelestiS,
2482 3738 2643 3801 inter
2688 3754 2754 3800 se

315 3838 617 3922 conjungi
662 3837 907 3902 debent.
959 3835 1077 3921 (cf.
1129 3838 1183 3900 1.
1233 3836 1448 3900 Thess.
1498 3836 1557 3913 4,
1603 3836 1662 3900 9.
1712 3836 1904 3900 Hebr.
1956 3839 2053 3916 13,
2105 3839 2157 3902 1.
2210 3840 2264 3903 1.
2308 3839 2439 3903 Pet.
2493 3839 2550 3915 1,
2601 3835 2751 3921 22).

323 3978 396 3987 —
449 3938 867 4021 φιλόστοργοις
912 3957 1023 4003 vox
1068 3937 1464 4020 φιλόστοργος
1507 3940 1571 4001 eb
1611 3934 1833 4019 στοργή
1893 3937 2096 4004 solent
2140 3940 2262 4004 dici
2305 3940 2380 4004 de
2426 3938 2756 4003 Vehemen-

316 4040 466 4107 tiori
509 4041 740 4105 amoris
805 4040 1051 4117 affectu,
1100 4060 1155 4103 v,
1203 4058 1253 4104 c.
1302 4041 1376 4103 de
1445 4057 1514 4104 eo
1582 4055 1810 4118 amore,
1878 4058 1997 4122 quo
2065 4042 2269 4124 proles
2336 4042 2400 4103 et
2468 4043 2756 4124 parentes

319 4146 543 4208 mutuo
590 4162 653 4207 se
703 4145 934 4207 amant.
1027 4142 1179 4206 Vult
1224 4142 1538 4225 apostolus
1584 4142 1824 4225 dicere:
1888 4140 2065 4220 Quod
2110 4141 2187 4205 ad
2231 4139 2568 4205 fraternam
2611 4140 2756 4204 cha-

317 4246 575 4310 ritatem
640 4243 884 4321 attinet,
957 4244 1287 4307 tenerrimo
1361 4262 1566 4307 amore
1632 4244 1897 4308 invicem
1963 4261 2071 4306 vos
2137 4241 2613 4325 prosequamini.
2677 4281 2756 4292 -

320 4343 475 4425 „Aa
537 4346 818 4408 honorem
883 4341 1048 4428 quod
1114 4344 1348 4421 attinet,
1414 4365 1518 4407 vos
1583 4344 1841 4407 invicem
1893 4342 2352 4429 praevenientes
2364 4347 2429 4424 ,·“
2490 4342 2529 4407 i.
2596 4360 2647 4406 e.
2694 4342 2758 4406 in

321 4447 707 4529 praestanda
750 4448 973 4511 mutua
1015 4443 1404 4511 observantia
1444 4443 1838 4530 (reverentia)
1888 4462 2047 4509 unus
2082 4445 2347 4509 alterum
2384 4442 2757 4528 praeveniat.

529 4562 900 4605 Commentariun.
2474 4544 2556 4610 14
