3234 4992
511 194 634 257 164
1527 190 1639 244 cap.
1664 190 1743 233 xx.
1770 202 1817 235 v.
1842 193 1909 235 ιε.

507 377 710 463 gendi.
757 414 844 425 —-
884 379 1305 460 κατηρτισμένα
1345 382 1429 451 εἰς
1470 374 1784 457 ἀπώλειαν,
1843 381 2267 465 adaptata,
2313 380 2447 447 scil.
2508 400 2581 445 ex
2640 398 2706 445 se
2763 380 2944 464 ipsiS,

511 498 624 545 sua
683 479 1100 546 obstinatione
1161 484 1223 546 et
1280 481 1753 567 impoenitentia
1812 482 2181 569 (chrysost,
2242 482 2529 569 Thom.);
2592 499 2715 548 non
2772 481 2945 547 enim

511 580 698 647 dicit:
743 583 1060 664 parata,
1109 583 1236 649 scil.
1284 602 1322 649 a
1365 584 1515 665 Deo,
1560 584 1657 648 uti
1692 584 1757 648 id
1796 584 2234 649 dicitdevasis
2279 583 2943 663 misericordiae,

511 701 666 765 quae
709 681 880 749 Deus
925 684 1055 768 ipse
1099 702 1212 750 sua
1254 685 1630 769 operatione,
1676 704 1787 769 per
1818 685 2090 769 gratiam
2122 686 2517 770 praeparavit
2550 684 2632 750 ad
2653 684 2943 769 gloriam,

509 783 611 848 hic
657 784 736 850 ad
777 785 1041 869 gloriam
1087 787 1587 852 sanctitatis
1635 786 1792 871 (scil.
1840 787 2157 872 largiendo
2224 788 2314 855 eis
2372 786 2642 870 gratiam
2696 784 2723 869 j
2744 783 2945 851 usti-

510 884 996 971 ficationis)‚
1042 890 1107 951 et
1149 907 1260 971 per
1301 887 1462 953 hano
1507 887 1572 953 in
1617 888 1884 973 gloriam
1942 890 2601 955 consummatam
2642 886 2707 950 in
2742 886 2939 951 coelo.

508 1020 594 1032 —
653 986 1106 1053 Necessitatem
1173 1006 1369 1072 coop
1389 1009 1422 1054 e
1442 1009 1471 1053 r
1492 990 1663 1055 atio
1682 990 1809 1056 nis
1887 1008 2034 1055 cum
2112 990 2315 1075 gratia
2381 990 2559 1056 docet
2626 987 2943 1073 apostolus

507 1086 725 1169 postea
784 1088 872 1172 (9,
939 1090 1025 1154 30
1067 1126 1144 1136 ——
1193 1091 1291 1170 11,
1357 1091 1508 1176 23).
1575 1128 1658 1139 --
1723 1090 1993 1155 ἀπώλεια
2053 1096 2152 1159 est
2214 1092 2564 1169 damnatio,
2638 1088 2945 1173 pernicies

510 1192 778 1256 aeterna.
829 1228 904 1236 -·
965 1196 1365 1274 μακροθυμία,
1412 1193 1859 1277 longanimitas
1918 1192 2271 1278 (patientia)
2332 1196 2432 1259 est
2484 1193 2775 1257 voluntas
2822 1189 2943 1254 Dei

509 1290 861 1358 misericors
906 1313 1055 1378 erga
1111 1296 1484 1379 peccatoreS,
1551 1313 1621 1360 eo
1668 1314 1739 1359 ex
1785 1314 1851 1361 se
1896 1296 2181 1376 tendens,
2243 1300 2315 1360 ut
2374 1294 2817 1360 convertantur
2874 1294 2945 1355 et

509 1390 793 1459 desinant
851 1414 987 1461 esse
1033 1413 1178 1461 vasa
1238 1395 1364 1461 irae
1423 1396 1629 1480 (Rom.
1675 1397 1743 1475 2,
1781 1398 1839 1462 4.
1887 1396 1944 1462 5.
1992 1398 2050 1462 2.
2099 1398 2233 1462 Pet.
2280 1397 2341 1476 3,
2386 1397 2444 1461 9.
2494 1394 2637 1479 Sap.
2688 1395 2787 1473 11,
2832 1393 2939 1457 24.

510 1493 837 1581 aliasque),
899 1496 991 1561 uti
1055 1496 1120 1560 id
1163 1496 1392 1562 fecerat
1433 1496 1498 1561 in
1541 1497 1865 1563 Pharaone
1908 1501 1971 1563 et
2012 1498 2313 1564 Israelitis
2357 1496 2807 1563 obstinaoibus.
2852 1530 2941 1541 —

508 1597 766 1669 πλοῦτος
805 1602 912 1679 τῆς
952 1594 1132 1679 δόξης
1171 1597 1368 1661 αὐτου*
1403 1599 1468 1683 (L
1515 1619 1565 1664 θ.
1611 1599 1810 1684 θεοῦ),
1857 1599 2109 1665 divitiae
2152 1600 2389 1684 gloriae
2434 1597 2569 1663 Dei.
2653 1595 2941 1663 Gloria

511 1697 630 1762 Dei
675 1702 772 1763 est
827 1700 1119 1784 majestas
1179 1698 1405 1779 divina,
1467 1700 1739 1765 essentia
1797 1700 2007 1766 divina
2064 1719 2208 1765 cum
2269 1700 2559 1767 omnibus
2620 1695 2939 1763 attributis

510 1796 577 1862 in
621 1800 1128 1866 manifestatione
1188 1801 1266 1865 ad
1309 1803 1494 1866 extra.
1583 1801 1709 1865 Hic
1764 1801 1885 1866 loci
1940 1801 2113 1885 (quia
2174 1800 2504 1885 opponitur
2545 1800 2719 1865 irae
2758 1796 2935 1881 Dei)

511 1900 835 1983 speciatim
878 1902 1288 1986 intelligenda
1331 1904 1427 1968 est
1469 1902 1965 1986 benignitas
2008 1903 2145 1982 Dei,
2210 1906 2309 1967 et:
2368 1900 2719 1967 divitiae
2774 1898 2935 1983 glo-

511 2000 685 2065 riae
727 2002 874 2067 Dei
937 2003 1107 2068 idem
1165 2021 1272 2067 ac:
1336 2001 1635 2068 eximia
1690 2002 1841 2067 Dei
1898 2003 2398 2088 benignitas.
2488 2000 2696 2067 Simili
2751 1998 2933 2065 modo

511 2106 657 2168 sunt
699 2105 892 2171 verba
933 2104 1088 2170 haec
1129 2106 1196 2170 in
1239 2105 1504 2189 epistola
1546 2105 1627 2169 ad
1669 2104 2072 2189 Ephesios
2118 2105 2206 2188 (3,
2255 2102 2383 2189 16.)
2428 2101 2806 2187 exponenda.
2850 2135 2935 2149 —-

509 2201 666 2269 Vas
686 2223 723 2269 a
767 2206 1395 2272 misericordiae
1440 2226 1511 2271 ex
1543 2205 1959 2272 declaratione
1997 2206 2193 2289 ipsius
2216 2204 2483 2290 apostoli
2525 2204 2609 2287 (v.
2634 2200 2934 2285 24-26.)

513 2308 661 2369 sunt
703 2306 766 2386 ii,
828 2325 982 2389 quos
1035 2307 1206 2373 Deus
1265 2308 1508 2374 vocavit
1567 2326 1639 2373 ex
1696 2307 2313 2391 peccatoribus,
2370 2309 2507 2372 tam
2564 2302 2933 2380 Judaeis,

514 2424 704 2489 quam
749 2408 1262 2490 gentilibuS,
1308 2410 1386 2474 ad
1444 2408 1698 2474 fidem
1756 2408 2309 2474 christianam
2371 2410 2434 2472 et
2488 2425 2601 2491 per
2650 2406 2814 2470 hanc
2855 2402 2933 2468 ad

503 2506 1225 2591 justificationem
1289 2508 1426 2593 (seu
1483 2510 1562 2574 ad
1618 2509 1919 2594 populum
1985 2509 2102 2574 Dei
2164 2508 2244 2575 N.
2312 2506 2440 2593 Τ.),
2508 2526 2663 2591 quae
2724 2508 2931 2570 autem

513 2626 662 2673 vasa
705 2609 1158 2676 misericordiae
1202 2628 1327 2675 non
1370 2614 1518 2677 sunt
1563 2631 1634 2676 ex
1679 2630 1793 2677 sua
1848 2630 1941 2677 na
1960 2614 2143 2676 tura
2204 2609 2301 2675 vel
2358 2609 2489 2675 suis
2543 2606 2926 2673 naturalibus

511 2710 848 2777 meritis
907 2713 1446 2807 vasa‘gloriae
1507 2716 1571 2777 et
1628 2714 1998 2792 honoriS,
2060 2712 2169 2778 sed
2226 2729 2264 2776 a
2318 2711 2449 2776 Deo
2491 2710 2929 2795 praeparantur

508 2812 577 2876 in
623 2814 886 2896 gloriam
947 2808 1104 2899 (scir
1145 2814 1420 2880 vocando
1487 2832 1591 2880 eos
1656 2814 1736 2879 ad
1792 2814 1980 2880 fidem
2036 2812 2441 2879 christianam
2506 2814 2650 2889 ete„
2714 2808 2808 2875 uti
2866 2807 2926 2871 in

512 2915 913 2998 sequentibus
959 2915 1245 3000 explicat)
1272 2939 1287 2993 ;
1319 2934 1482 3004 ¹nam
1527 2918 1671 2980 ante
1713 2914 1982 2998 gratiam
2026 2914 2365 2980 vocationis
2410 2914 2486 2979 ad
2530 2912 2721 2978 fidem
2770 2908 2925 2976 chri-

513 3016 781 3081 stianam
841 3020 904 3081 et
954 3016 1469 3101 justificationem
1529 3036 1639 3100 per
1694 3016 1902 3095 fidem,
1962 3034 2180 3083 omnes
2238 3018 2385 3083 sunt
2426 3016 2921 3100 peccatores,

511 3122 575 3183 et
617 3118 755 3184 ideo
815 3118 1138 3203 indigni
1194 3118 1638 3184 misericordia.
1706 3156 1776 3165 —
1823 3117 2084 3185 Verbis:
2146 3122 2237 3181 ἱνα
2296 3120 2546 3200 γνωρίσῃ
2591 3162 2604 3176 .
2653 3161 2667 3177 .
2714 3162 2729 3177 .
2771 3112 2923 3180 indi-

515 3220 690 3286 catur
735 3221 952 3287 alter
993 3220 1152 3299 finiS,
1199 3222 1305 3304 qui
1349 3221 1463 3300 est,
1509 3222 1580 3285 ut
1626 3218 2055 3285 manifestaret
2097 3238 2394 3304 magnam
2436 3232 2617 3284 suam
2652 3216 2923 3299 benig·

510 3324 880 3388 nitatem.
935 3360 1008 3369 —-
1055 3328 1138 3395 εὶς
1177 3320 1379 3400 δόξαν,
1427 3322 1519 3387 ad
1561 3321 1940 3405 gloriam,
1998 3321 2129 3387 scil.
2176 3321 2551 3400 sanctitatis,
2599 3336 2707 3385 eos
2746 3316 2923 3403 justi-

511 3423 774 3503 ficando,
845 3426 906 3487 et
964 3442 1074 3507 per
1131 3422 1647 3508 justificationem
1712 3423 1791 3487 ad
1855 3423 2122 3506 gloriam
2184 3425 2503 3489 aeternam
2559 3422 2626 3487 in
2687 3425 2925 3486 aeterna

512 3524 916 3590 beatitudine.
1007 3522 1160 3589 Vult
1213 3524 1406 3609 igitur
1461 3543 1507 3589 s.
1555 3524 1871 3607 apostolus
1912 3524 2117 3590 verbis
2178 3543 2235 3590 v.
2281 3524 2383 3589 22.
2430 3526 2494 3587 et
2544 3523 2651 3593 23.
2696 3521 2925 3587 dicere:

515 3623 690 3705 Quod
735 3625 923 3704 DeUS,
969 3626 1252 3708 quamvis
1297 3626 1377 3691 ab
1419 3627 1669 3690 aeterno
1728 3625 2117 3705 decrevisset,
2182 3625 2247 3690 in
2300 3625 2617 3691 nonnullis
2662 3624 2771 3709 (ob
2814 3624 2925 3689 im-

511 3725 964 3810 poenitentiam
1009 3724 1235 3810 cordis)
1281 3726 1683 3791 manifestare
1727 3726 2072 3809 potentiam
2110 3726 2521 3793 vindicativae
2556 3744 2706 3791 suae
2744 3723 2926 3809 justi-

510 3828 655 3909 tiae,
718 3830 934 3893 tamen
991 3828 1125 3905 hos,
1188 3846 1302 3893 sua
1361 3826 1775 3892 obstinatione
1838 3830 1899 3892 et
1959 3827 2435 3911 impoenitentia
2491 3845 2643 3892 vasa
2688 3826 2929 3909 digna

509 3930 678 3995 irae
724 3933 802 3994 et
845 3927 1288 4008 interitus,
1335 3929 1536 3994 multa
1579 3928 2052 4012 longanimitate
2096 3928 2243 3993 tulit
2279 3930 2342 3993 et
2368 3929 2622 3994 tandem
2668 3926 2926 4013 punivit,

509 4032 582 4095 ut
623 4032 742 4095 hac
799 4030 1136 4113 impiorum
1195 4028 1517 4113 punitione
1575 4030 1807 4114 partim
1864 4029 2219 4096 ostenderet
2270 4030 2613 4114 potentiam
2663 4029 2929 4095 vindica-

513 4132 677 4197 tivae
723 4150 872 4196 suae
911 4130 1215 4215 Justitiae,
1276 4130 1508 4214 partim
1566 4148 1709 4193 vero
1770 4130 2222 4195 demonstraret
2264 4130 2553 4196 eximiam
2600 4148 2783 4196 suam
2825 4130 2929 4194 be-

509 4232 885 4316 nignitatem
928 4233 995 4299 in
1038 4250 1186 4298 vasa
1230 4230 1710 4310 misericordiae,
1757 4251 1913 4315 quae
1946 4232 2081 4315 ipse
2125 4232 2516 4318 praeparavit
2555 4232 2623 4297 in
2666 4232 2928 4317 gloriam

511 4334 862 4400 sanctitatis
929 4336 992 4399 et
1054 4354 1164 4418 per
1229 4334 1390 4399 hane
1455 4333 1521 4397 in
1587 4332 1858 4416 gloriam
1925 4334 2242 4399 aeternam
2307 4368 2394 4379 -
2458 4332 2607 4416 quid
2672 4333 2751 4399 ad
2814 4331 2927 4396 hoc

513 4433 840 4501 dicemus?
885 4453 995 4501 seu
1037 4434 1189 4519 quid
1229 4433 1428 4517 iniqui
1469 4436 1568 4499 est
1609 4432 1677 4499 in
1718 4432 1835 4499 hac
1870 4433 1987 4499 Dei
2030 4433 2256 4519 agendi
2296 4432 2581 4500 ratione?
2604 4466 2707 4485 --
2752 4431 2927 4498 Nunc
