3234 4992
1297 255 1406 305 Gap.
1433 257 1471 296 1.
1496 266 1539 298 v.
1568 233 1735 296 si-ss,
2642 257 2727 322 29

280 441 466 516 νοέω,
510 438 780 523 percipio
805 438 1113 518 sensibus,
1140 441 1282 504 dein
1309 441 1534 521 animo,
1581 440 1789 506 mente
1812 439 2101 522 percipio,
2146 457 2290 523 ergo
2314 438 2613 524 intelligo.
2648 477 2715 490 -

290 542 378 606 In
419 541 659 606 verbis:
721 540 794 602 τὰ
839 538 1066 622 ἀόρατα
1108 547 1444 626 καθορᾶται
1488 544 1582 606 est
1626 558 2079 624 oxymoron,
2147 559 2338 622 quum
2382 540 2719 606 invisibilia

291 641 573 724 conspici
621 642 921 707 dicantur.
973 643 1094 708 Sed
1139 645 1442 725 quomodo
1486 644 1549 707 id
1586 643 1718 707 fieri
1764 642 1983 726 possit,
2032 642 2209 706 docet
2253 659 2366 706 vox
2403 639 2728 722 ’νοούμινα;

287 743 597 808 attributa
644 745 774 808 scil.
824 744 1030 809 divina
1075 745 1270 809 oculis
1319 745 1542 810 mentis
1588 742 2066 826 conspiciuntur,
2114 745 2415 825 quatenus
2439 763 2509 807 ex
2532 744 2717 810 rebus

289 844 526 910 crea-tis
591 844 1040 928 intelliguntur.
1085 881 1168 894 —
1211 844 1521 926 „Aeterna
1586 847 1715 933 ejus
1777 843 1972 906 virtus
2035 851 2090 905 et
2133 842 2517 924 divinitas“;
2580 845 2618 909 i.
2671 863 2719 908 e.

289 944 755 1028 omnipotentia
799 947 862 1010 et
904 947 1114 1011 omnia
1157 947 1392 1030 reliqua
1437 946 1549 1011 Dei
1593 944 1908 1022 attributa,
1969 945 2041 1008 ut
2083 943 2404 1026 sapientia,
2453 944 2719 1023 bonitati,

279 1045 554 1128 justitia.
607 1083 678 1094 -—-
726 1045 971 1126 δύναμις
1031 1048 1126 1114 est
1170 1047 1284 1112 Dei
1349 1045 1833 1129 omnipotentia;
1896 1047 2138 1124 θείοτης
2182 1043 2525 1127 (divinitas)
2583 1062 2722 1110 vero

289 1145 560 1212 denotat
605 1151 808 1212 cetera
852 1148 967 1211 Dei
1014 1147 1318 1214 attributa
1364 1147 1512 1232 (non
1553 1164 1693 1211 vero
1754 1145 2187 1223 deitatem,
2256 1143 2529 1209 divinam
2575 1145 2716 1211 sub-

291 1247 615 1325 stantiam,
664 1248 824 1330 quod
868 1252 965 1312 est
1009 1246 1266 1332 θεότης).
1314 1285 1397 1294 -
1439 1249 1586 1329 „Ita
1611 1247 1698 1310 'ut
1738 1247 1859 1309 sint
1898 1243 2399 1324 ineaecusabiles“,
2466 1245 2594 1308 scil.
2645 1245 2720 1309 de

289 1349 588 1431 peccatis,
655 1368 764 1414 seu
815 1369 886 1414 ex
930 1368 1030 1431 eo,
1095 1351 1258 1433 quod
1303 1351 1507 1414 Deum
1569 1366 1691 1414 non
1754 1349 2093 1426 coluerunt,
2162 1365 2345 1429 quem
2388 1350 2602 1412 tamen
2645 1365 2717 1409 ex

290 1449 488 1512 rebus
535 1450 761 1514 creatis
800 1467 1171 1533 cognoscere
1195 1450 1478 1534 poterant
1503 1452 1566 1513 et
1590 1451 2009 1532 cognoverunt
2033 1447 2153 1532 (uti
2178 1445 2391 1511 statim
2419 1445 2613 1532 dicit.)
2640 1483 2721 1498 --

289 1549 467 1614 Fons
513 1567 658 1632 ergo
704 1550 1056 1615 ethnicismi
1103 1553 1194 1615 est
1238 1553 1691 1633 peccatum.

494 1649 570 1714 V.
617 1651 719 1714 21.
765 1651 1148 1736 „Propterea
1191 1653 1358 1736 quia,
1403 1673 1536 1714 cum
1580 1650 1987 1735 coynovissent
2012 1649 2230 1740 Deum,
2274 1668 2395 1711 non
2426 1656 2494 1710 ut
2515 1647 2715 1710 Deum

287 1751 694 1831 honorarunt,
739 1761 850 1816 aut
889 1754 1129 1837 gratias
1173 1756 1483 1837 cycruvzff‘.
1527 1751 1683 1815 Vult
1717 1751 1941 1816 dicere:
1988 1748 2147 1828 Quia
2169 1749 2391 1828 Deum,
2438 1748 2720 1832 quamvis

289 1869 511 1916 veram
552 1852 671 1916 Dei
715 1853 1004 1917 notitiam
1035 1853 1349 1932 haberent,
1395 1868 1519 1917 non
1540 1851 1913 1915 honorarunt
1937 1854 1999 1913 et
2022 1851 2191 1914 cultu
2216 1849 2422 1915 debito
2445 1849 2719 1915 venerati

292 1955 467 2030 sunt,
514 1971 628 2016 nec
653 1953 769 2036 ipsi
793 1957 864 2018 ut
887 1954 1165 2018 omnium
1189 1953 1488 2018 bonorum
1534 1951 1770 2019 auctori
1813 1951 2047 2035 gratias
2092 1953 2369 2034 egerunt.
2419 1985 2499 1998 -
2541 1949 2714 2030 „Sed

288 2053 449 2116 vani
488 2051 663 2136 facti
726 2063 865 2118 sunt
926 2055 994 2118 in
1049 2053 1510 2140 coqitationibus
1573 2054 1743 2115 sui8“
1759 2075 1781 2132 ,·
1842 2052 1880 2115 i.
1930 2069 1981 2116 c.
2046 2051 2155 2115 sed
2217 2069 2375 2116 vana
2442 2051 2517 2114 de
2590 2051 2715 2116 Deo

292 2153 572 2236 cogitare
637 2158 1000 2238 coeperunt3
1077 2174 1187 2219 seu
1254 2154 1492 2236 delapsi
1554 2155 1701 2218 sunt
1764 2153 1829 2216 in
1888 2151 2369 2235 cogitationibus
2435 2151 2566 2216 suis
2636 2151 2715 2216 ad

287 2254 482 2319 idola.
531 2291 612 2302 —
661 2253 768 2319 Sic
834 2255 1129 2325 describit
1195 2257 1543 2338 apostolus,
1611 2253 1995 2336 quomodo
2052 2251 2318 2336 gentiles
2383 2252 2448 2316 in
2513 2250 2709 2316 idolo-

291 2354 550 2420 latriam
594 2356 958 2422 inciderunt.
1049 2357 1402 2420 Primum
1471 2354 1709 2438 delapsi
1756 2354 2009 2417 suntin
2080 2352 2529 2436 practicam
2594 2351 2713 2416 Dei

289 2455 688 2535 oblivionem,
757 2457 936 2540 quod,
1005 2473 1383 2539 quamquam
1451 2456 1651 2520 Deum
1722 2456 2187 2537 cognoscerent,
2258 2472 2398 2518 eum
2467 2469 2591 2517 non
2648 2455 2719 2517 ut

297 2557 492 2621 talem
539 2558 857 2635 coluerint,
926 2576 1041 2622 nec
1109 2557 1229 2641 ipsi
1295 2557 1390 2626 ut.
1429 2556 1707 2621 omnium
1772 2555 2072 2620 bonorum
2138 2554 2415 2638 largitori
2486 2553 2720 2636 gratias

293 2658 567 2740 egerint;
615 2660 939 2739 deinde,
988 2678 1179 2742 quum
1230 2659 1345 2724 hoc
1389 2659 1572 2722 modo
1616 2658 1822 2728 Deum
1866 2655 2060 2720 veluti
2107 2653 2485 2738 repulissent
2529 2673 2561 2718 e
2606 2672 2717 2718 sua

292 2760 766 2838 voluntate,
814 2777 954 2824 mox
998 2760 1142 2823 etin
1189 2758 1640 2823 intellectu
1685 2757 1957 2840 ipsorum
1981 2773 2145 2832 vera,
2187 2774 2373 2837 quam
2398 2755 2719 2832 haberent,

292 2859 370 2923 de
417 2860 551 2924 Deo
595 2861 816 2926 notitia
858 2860 922 2923 in
967 2859 1276 2925 oblivione
1344 2878 1480 2924 esse
1541 2859 1781 2942 coepit;
1824 2893 1908 2905 —
1951 2856 2305 2935 tandem,
2373 2856 2466 2920 uti
2507 2874 2565 2920 v,
2612 2855 2714 2920 23.

295 2959 494 3040 docet,
544 2978 613 3025 eo
659 2960 927 3043 stuporis
970 2962 1290 3038 venerunt,
1337 2961 1407 3023 ut
1449 2960 1581 3024 loco
1629 2958 1745 3022 Dei
1788 2957 2159 3022 immortalis
2198 2957 2501 3021 coluerint
2526 2956 2721 3019 simu-

293 3061 464 3126 lacra
508 3061 926 3144 corruptibilis
972 3061 1261 3139 hominiS,
1326 3060 1450 3144 imo
1496 3061 1559 3124 et
1622 3060 1942 3124 volucrum
2004 3067 2065 3122 et
2125 3056 2590 3140 quadrupedum
2658 3058 2723 3118 et

294 3161 638 3244 reptilium.
705 3159 970 3241 ματαιόω
1031 3163 1318 3241 stultum,
1393 3180 1625 3225 vanum
1691 3160 1908 3236 redd03
1976 3159 2041 3222 in
2086 3157 2365 3240 passivo:
2431 3173 2720 3233 vanus,

295 3263 612 3326 stultus
672 3262 735 3327 fi
751 3282 804 3328 ο.
863 3299 948 3312 --
989 3263 1120 3343 „Et
1161 3261 1547 3325 obtenebrata
1592 3269 1679 3324 est
1719 3259 1907 3323 stulta
1948 3280 2113 3322 mens
2156 3261 2420 3321 corum“.
2508 3257 2714 3322 Verbo

293 3359 752 3446 ἐματαιώθησαν
798 3365 1234 3448 correspondet
1279 3365 1615 3442 ἐσκοτίσθη,
1663 3363 1725 3425 eb
1742 3361 1874 3425 voci
1920 3361 2315 3440 διαλογισμοῖς
2336 3376 2450 3422 Vox
2478 3361 2685 3440 καρδία
2701 3378 2723 3433 ,·

299 3465 480 3530 adest
525 3483 667 3530 vero
713 3466 900 3530 simul
959 3465 1344 3549 gradatio
1389 3465 1503 3530 hoc
1549 3462 1766 3526 modo:
1847 3463 1967 3526 Per
2011 3463 2369 3544 neglectum
2414 3459 2716 3538 veritatis,

305 3586 486 3632 mens
534 3585 746 3632 eorum
788 3569 982 3632 stulta
1024 3566 1192 3632 facta
1239 3569 1365 3642 est;
1437 3567 1498 3630 et
1561 3565 1755 3628 stulta
1820 3549 1973 3628 haec
2018 3581 2229 3628 eorum
2276 3581 2453 3628 mens
2501 3562 2720 3640 etiam,

294 3669 464 3734 malo
513 3669 744 3732 sensim
793 3671 1251 3746 succrescente,
1298 3667 1546 3752 penitus
1592 3665 1867 3729 tenebris
1914 3668 2008 3729 est
2051 3663 2289 3729 obfusa.
2337 3701 2421 3710 -
2464 3661 2723 3733 σκοτίζω

293 3769 587 3834 tenebras
635 3769 901 3848 offundo,
949 3769 1300 3834 obtenebrO.
1353 3803 1415 3814 -
1473 3769 1687 3848 καρδία
1732 3764 1883 3850 (cor)
1928 3765 1993 3828 in
2038 3784 2085 3828 S.
2127 3765 2431 3848 scriptura
2456 3763 2719 3848 figurate

291 3889 584 3954 persaepe
631 3887 773 3936 mox
838 3870 1366 3935 intellectum
1433 3868 1567 3953 (seu
1613 3866 1934 3952 mentem),
2004 3884 2146 3932 mox
2196 3865 2723 3931 voluntatem

295 3971 630 4055 significat.
717 3970 1283 4049 Voluntatem,
1353 3970 1594 4053 quoties
1660 3987 1764 4034 cor
1832 3971 2088 4046 rectum,
2157 3985 2439 4049 pravum,
2510 3964 2719 4043 molle,

295 4073 542 4151 durum,
597 4074 901 4137 mundum
947 4076 1054 4137 aut
1095 4072 1491 4137 immundum
1550 4075 1835 4148 vocatur3
1900 4068 2493 4133 intellectum
2559 4083 2722 4145 vere,

298 4174 538 4256 quoties
563 4173 779 4253 docile,
807 4173 1070 4257 sapiens,
1095 4172 1466 4256 intelligenS‚
1495 4173 1781 4253 stultum,
1808 4170 2296 4249 obtenebratum,
2327 4170 2724 4232 excoecatum

298 4274 524 4340 dicitur
567 4271 852 4360 (Estius).
900 4275 978 4338 H.
1026 4274 1066 4338 1.
1117 4273 1365 4338 denotat
1408 4273 1955 4337 intellectum
2001 4290 2108 4336 seu
2156 4272 2449 4334 mentem.

503 4375 578 4442 V.
627 4375 728 4440 22.
789 4375 1137 4456 „Diccntcs,
1195 4395 1255 4438 sc
1315 4395 1437 4438 esse
1493 4375 1812 4460 sapiente&
1871 4371 2043 4436 stulti
2082 4370 2258 4458 facti
2322 4371 2541 4450 sunt&
2583 4369 2620 4433 i.
2670 4390 2720 4436 e.

297 4493 491 4558 quum
539 4474 908 4559 semetipsos
969 4475 1132 4560 apud
1197 4473 1480 4552 homines
1547 4473 1822 4540 dicerent
1887 4473 2216 4556 sapientes,
2286 4476 2348 4537 et
2419 4490 2483 4537 se
2551 4472 2724 4560 quasi
