3234 4992
1226 290 1334 343 0⁸1).
1362 292 1464 334 vn.
1491 302 1536 334 v.
1563 292 1604 335 5.
2516 295 2635 362 101

231 480 454 546 vosmet
493 480 740 545 tradere
783 479 1057 563 possitis.
1108 518 1184 531 -
1232 478 1373 558 Sed,
1419 497 1611 562 quum
1658 479 1972 563 apostolus
2014 478 2214 545 dicere
2246 497 2367 545 non
2402 481 2630 563 posset,

228 584 416 665 legem
458 584 864 647 mortuam
921 599 1078 661 esse,
1137 582 1281 664 quia
1335 582 1431 646 lex
1488 580 1799 665 (moralis)
1844 580 1916 645 V.
1966 581 2035 645 Τ.
2084 584 2404 647 aeternum
2444 581 2635 646 habet

226 684 503 761 valorem,
568 683 772 765 quoad
830 682 1162 748 essentiam
1223 699 1403 746 suam
1460 700 1583 747 non
1630 682 1872 762 desinit,
1938 683 2120 747 modo
2162 682 2404 747 inverso
2448 682 2633 748 dicit:

225 802 348 847 vos
402 783 568 867 legi
634 784 935 849 mortui
995 784 1224 848 estis,
1293 820 1365 831 —-
1430 783 1773 866 Apostolus
1834 785 2045 847 autem
2105 801 2227 848 non
2286 784 2435 848 dicit
2480 784 2633 849 sim-

222 884 480 967 pliciter:
557 886 893 964 mortui,
961 885 1067 949 sed
1125 883 1567 948 interfecti
1628 884 1797 962 estiS‚
1866 887 1938 949 ut
1995 884 2255 948 lectores
2320 903 2627 952 memores

221 986 418 1049 reddat
471 985 900 1051 violentae
959 984 1178 1049 mortis
1236 984 1490 1051 Christi.
1558 1022 1623 1033 -
1691 986 1793 1047 dui
1836 984 2115 1065 σώματος
2167 991 2455 1066 Χριστοῦ,
2525 1006 2634 1071 per

219 1103 416 1168 corpus
467 1086 724 1165 Christi,
771 1086 809 1151 i.
859 1106 908 1151 e.
953 1104 1062 1169 per
1105 1088 1373 1150 mortem
1419 1086 1552 1170 ejus
1601 1088 1940 1153 secundum
1989 1106 2229 1171 corpuS,
2288 1106 2396 1153 seu
2441 1105 2629 1170 quam

218 1186 271 1249 in
323 1205 564 1270 corpore
627 1205 741 1253 suo
802 1187 1118 1264 sustinuit,
1179 1187 1245 1250 in
1288 1205 1410 1269 qua
1466 1190 1528 1252 et
1582 1208 1693 1270 per
1750 1208 1937 1271 quam
1997 1190 2094 1254 lex
2138 1190 2249 1254 illa
2290 1188 2419 1252 vim
2463 1187 2626 1253 obli-

217 1288 386 1370 gandi
427 1289 716 1372 perdidit.
763 1326 849 1337 -
889 1289 1056 1353 Huic
1092 1288 1277 1353 morti
1303 1287 1532 1355 Christi
1576 1308 1688 1355 nos
1733 1290 2053 1355 christiani
2090 1309 2198 1373 per
2238 1289 2623 1372 baptismum

220 1389 588 1471 incorporati,
637 1392 704 1455 in
747 1390 1053 1475 baptismo
1116 1407 1255 1453 oum
1307 1388 1548 1455 Christo
1597 1391 1939 1456 secundum
1986 1394 2258 1456 veterem
2303 1390 2619 1455 hominem

216 1488 509 1574 (mystice)
554 1492 790 1557 mortui
835 1510 1054 1557 sumus
1098 1492 1263 1577 (coll.
1311 1492 1369 1571 6,
1417 1492 1476 1556 3.
1523 1491 1698 1576 seq.).
1755 1492 1892 1571 „Ut
1915 1492 2092 1577 facti
2132 1492 2265 1555 sitis
2307 1490 2623 1569 alteriud‘,

217 1592 250 1654 i.
293 1611 338 1657 e.
387 1596 455 1658 ut
499 1594 682 1658 alteri
744 1593 1054 1677 conjuncti
1109 1594 1264 1672 sitia,
1327 1612 1436 1659 seu
1482 1596 1552 1657 ut
1594 1612 1842 1672 novum,
1907 1593 2106 1658 multo
2163 1592 2432 1658 nobilius
2475 1608 2621 1656 con-

213 1694 450 1787 trahatis
475 1695 858 1779 conjugium.
892 1732 965 1742 —
991 1694 1216 1761 Verbis
1248 1695 1348 1760 his
1384 1696 1561 1759 docet
1585 1696 1923 1777 apostoluS,
1968 1714 2115 1778 que
2136 1714 2196 1759 m
2244 1694 2321 1759 in
2367 1693 2399 1757 f
2405 1694 2427 1757 i
2450 1712 2487 1757 n
2507 1710 2618 1756 em

212 1792 514 1861 christiani
559 1796 794 1861 fuerint
835 1797 958 1881 legi
1005 1796 1334 1861 interfecti.
1386 1835 1461 1846 -—
1507 1796 1730 1886 „Qua
1784 1798 1891 1883 qui
1932 1817 1963 1860 e
2004 1795 2259 1860 mortuis
2297 1795 2622 1859 auscitanae

212 1896 340 1973 esff‘,
379 1896 415 1959 i.
464 1916 514 1961 e.
564 1900 639 1961 ut
685 1896 952 1975 Christo,
1016 1898 1120 1980 qui
1177 1897 1309 1981 ipse
1354 1916 1391 1961 a
1438 1898 1697 1962 mortuis
1759 1898 2085 1963 resurrexit
2144 1900 2207 1961 et
2250 1896 2369 1961 sibi
2414 1895 2620 1959 unitos

211 2011 381 2059 novae
423 1998 589 2063 vitae
638 1998 975 2081 participes
1017 1998 1191 2078 facit,
1253 1998 1716 2082 copularemini.
1809 1998 1893 2077 Si,
1951 1999 2046 2063 uti
2100 2018 2145 2063 s.
2193 1998 2507 2081 apostolus
2551 1997 2615 2060 in

212 2094 446 2175 epistola
489 2098 570 2163 ad
617 2098 876 2163 Galatas
921 2099 1008 2181 (4,
1055 2098 1144 2183 5.)
1189 2100 1387 2178 docet,
1449 2099 1479 2164 f
1489 2099 1655 2164 inis
1715 2100 2031 2164 mortis=
2060 2098 2289 2164 Christi
2333 2101 2481 2174 erat,
2544 2099 2614 2160 ut

211 2212 315 2275 eos,
357 2199 461 2280 qui
504 2199 656 2264 sub
701 2200 880 2284 lege
924 2212 1189 2279 erant,
1235 2201 1708 2279 redimeret,
1760 2238 1833 2247 —
1881 2200 2093 2283 utique
2136 2198 2444 2282 redempti
2488 2214 2610 2263 non

209 2302 445 2375 possunt
489 2319 630 2365 esse
673 2301 799 2367 sui
836 2301 1060 2383 juris,
1108 2302 1216 2366 sed
1263 2302 1659 2384 ejusdem,
1726 2302 1830 2385 qui
1874 2320 1977 2366 eos
2033 2300 2300 2366 redemit
2344 2300 2429 2381 (1.
2478 2298 2610 2364 Cor.

211 2396 259 2473 6,
320 2400 456 2485 19.).
547 2403 700 2467 Ideo
766 2402 956 2467 etiam
1022 2403 1087 2467 in
1153 2403 1348 2467 altera
1423 2403 1500 2466 ad
1567 2402 1919 2468 Corinthios
1987 2403 2249 2487 epistola
2327 2402 2413 2485 (5,
2482 2398 2609 2484 15.)

211 2500 436 2566 scribit:
498 2504 662 2585 „Pro
721 2503 1012 2568 omnibus
1076 2507 1384 2569 mortuus·
1420 2505 1514 2568 est
1560 2504 1865 2582 Christus,
1932 2508 2019 2583 ut,
2080 2506 2143 2568 et
2204 2504 2306 2586 qui
2370 2502 2609 2581 vivunt,

207 2596 318 2679 Jam
361 2619 480 2667 non
531 2604 699 2669 sibi
746 2604 972 2681 vivant,
1021 2606 1128 2669 sed
1175 2606 1263 2683 ei,
1311 2606 1416 2687 qui
1469 2625 1577 2689 pro
1622 2606 1774 2689 ipsis
1819 2606 2098 2670 mortuus
2145 2607 2237 2669 est
2297 2608 2359 2668 et
2402 2622 2608 2668 resur-

207 2701 396 2765 rexit.“
463 2705 857 2788 Quapropter
902 2704 1052 2770 dicit
1095 2724 1295 2770 nunc:
1340 2754 1382 2785 „
1399 2706 1477 2771 Ut
1502 2707 1789 2792 fructum
1815 2705 2109 2792 feramus
2152 2706 2350 2783 Deo“,
2394 2706 2433 2769 i.
2460 2724 2510 2768 e.
2538 2707 2609 2769 ut

210 2797 461 2884 Christo,
517 2807 818 2889 tanquam
876 2807 1006 2871 viro
1068 2808 1307 2886 nostr0,
1377 2808 1477 2872 cui
1535 2808 1855 2892 conjuncti
1916 2827 2161 2885 sumus,
2231 2826 2301 2871 ex
2368 2805 2607 2870 semine

207 2904 420 2982 gratiae
443 2907 582 2991 eJus
607 2908 980 2988 foecundati,
1021 2908 1322 2973 bonorum
1359 2928 1612 2994 operum
1646 2909 1885 2974 fructus
1910 2908 2291 2991 proferamus
2316 2904 2601 2991 (Estius).

382 3006 455 3073 V.
505 3008 567 3074 5.
616 3008 819 3087 „Cum
861 3010 1020 3073 enim
1063 3030 1316 3073 essemus
1374 3011 1442 3073 in
1497 3015 1746 3090 car-affl,
1807 3011 1843 3075 i.
1892 3030 1942 3073 e.
1993 3028 2135 3074 cum
2178 3009 2453 3072 nondum
2496 3025 2598 3069 re-

209 3108 464 3184 generati
508 3130 814 3177 essemus.
903 3111 1107 3177 Versu
1150 3112 1268 3176 hoc
1314 3116 1378 3176 et
1423 3113 1706 3194 sequenti
1766 3111 2147 3195 explicat
2190 3108 2380 3173 verba
2425 3124 2603 3190 prae-

209 3222 433 3285 gressa:
497 3215 591 3278 ut
647 3212 1020 3278 fructum
1079 3198 1438 3278 feramus
1490 3212 1689 3290 De0‚
1756 3213 1905 3276 dum
1948 3210 2234 3289 ostendit,
2299 3208 2636 3291 quomodo.

105 3396 111 3403 ι
211 3301 429 3375 homini
471 3330 598 3378 non
641 3317 1000 3397 regenerato
1045 3315 1144 3378 lex
1190 3312 1539 3379 dominetur
1581 3316 1767 3394 atque
1828 3312 1894 3376 in
1951 3329 2021 3376 eo
2066 3312 2369 3393 operetur,
2428 3327 2603 3392 rege-

205 3412 431 3475 neratus
473 3432 620 3480 vero
665 3414 745 3479 ab
792 3432 865 3479 ea
908 3414 1232 3494 liberatus,
1288 3415 1381 3480 illi
1425 3417 1706 3480 mortuus
1753 3414 1851 3478 sit.
1902 3450 1983 3459 —
2027 3418 2171 3474 εἰναι
2215 3416 2272 3474 ἐν
2316 3415 2393 3494 τῇ
2434 3414 2613 3493 σαρκί

204 3504 409 3576 dicitur
471 3514 548 3577 de
611 3517 1094 3581 conditione
1151 3515 1408 3601 (statu),
1469 3516 1533 3580 in
1595 3534 1718 3598 qua
1774 3520 1921 3581 sunt
1976 3515 2258 3580 homines
2318 3516 2390 3578 ut
2446 3514 2605 3601 lapsi

203 3603 412 3676 Adami
471 3616 828 3699 progenieS,
892 3620 1230 3699 antequam
1294 3636 1366 3681 ex
1408 3617 1539 3680 Deo
1598 3621 2031 3695 renascantur3
2093 3616 2197 3680 hic
2258 3618 2461 3681 status
2507 3611 2605 3679 e'st

206 3710 408 3777 veteris
453 3718 518 3779 et
562 3716 824 3781 carnalis
866 3717 1152 3781 hominis,
1225 3716 1422 3781 Hinc:
1469 3736 1649 3781 esse
1694 3718 1773 3782 in
1818 3736 2095 3798 earne,
2144 3718 2308 3783 idem
2356 3720 2449 3780 est
2488 3733 2599 3781 ac:

202 3823 335 3874 non
376 3820 785 3896 renatum,
836 3836 986 3882 non
1028 3820 1610 3901 regeneratum
1657 3838 1869 3897 esse,
1933 3838 2075 3883 seu:
2137 3836 2274 3882 esse
2319 3818 2385 3882 in
2430 3818 2600 3880 statu

197 3910 402 3977 veteris
460 3916 750 3996 hominis,
821 3955 854 3964 -·
883 3957 897 3964 -
967 3921 1028 3982 et
1090 3918 1418 4003 opponitur
1481 3923 1568 3995 τῷ
1632 3923 1772 3981 εἰναι
1842 3924 1899 3981 ἐν
1964 3916 2238 3999 πνεύματι
2283 3917 2387 4002 (cf.
2432 3937 2487 3981 v.
2539 3919 2596 3982 6.

205 4008 258 4069 et
297 4011 350 4089 8,
394 4015 502 4099 8.),
549 4035 670 4098 qua
714 4018 925 4101 phrasi
970 4019 1333 4102 exprimitur
1376 4020 1646 4085 conditio
1686 4020 1941 4106 (status)
1986 4020 2255 4085 hominis
2297 4018 2597 4096 renati,

197 4119 670 4193 regenerati.
761 4120 967 4185 Homo
1013 4120 1145 4184 scil.
1193 4137 1301 4203 pro
1359 4138 1472 4185 sua
1513 4122 1837 4186 nativitate
1892 4121 2153 4204 <origine
2210 4140 2281 4184 ex
2325 4118 2596 4204 Adamo)

200 4212 284 4271 est
323 4216 596 4297 σαρκικός
648 4218 1003 4305 (carnalis);
1070 4220 1334 4301 inferior,
1399 4220 1649 4287 infirma
1710 4226 1773 4287 et
1829 4223 1907 4287 ad
1963 4221 2346 4304 peccandum
2406 4238 2600 4302 prona

199 4314 399 4380 natura
453 4318 550 4403 (ex
600 4321 844 4386 Adamo
905 4323 1214 4387 nascendo
1272 4323 1570 4408 accepta),
1616 4322 1795 4404 σάρξ,
1854 4326 1951 4388 est
2013 4322 2146 4405 ejus
2210 4322 2593 4386 elementum

199 4408 384 4482 vitale.
472 4418 539 4486 Si
600 4424 812 4488 autem
879 4424 1065 4488 homo
1129 4443 1200 4488 ex
1245 4422 1492 4489 Christo
1537 4425 1904 4503 renascitur,
1965 4424 2039 4488 fit
2090 4420 2470 4503 πνευματικός
2516 4461 2591 4472 -

198 4515 434 4600 πνεῦμα,
501 4520 770 4606 Spiritus
853 4527 1106 4590 sanctus
1173 4528 1461 4609 operatur
1527 4529 1588 4590 et
1658 4526 1792 4609 agit
1856 4526 1920 4591 in
1985 4543 2091 4608 eo,
2164 4564 2235 4575 -—
2305 4530 2401 4596 est
2461 4527 2593 4613 eius
