3234 4992
1469 262 1807 318 prolegomena.
2766 266 2845 332 13

425 445 603 516 Prax.
665 469 716 516 c.
787 450 936 534 13.)‚
1006 451 1070 516 et
1131 450 1430 538 subsequi
1496 452 1717 520 Patres
1780 454 1842 518 et
1906 451 2235 538 scriptores
2302 467 2537 518 omnes.
2628 448 2836 516 Etiam

430 551 752 631 haeretici,
798 552 1434 634 ath-Basilides,
1481 553 2009 620 Valentinus
2053 557 2117 620 et
2158 553 2532 619 Marcion
2578 551 2656 617 ad
2702 570 2842 618 eam

423 651 780 737 frequenter
819 655 1182 738 respiciunt.
1229 691 1308 703 --
1353 655 1485 721 Imo
1529 655 1669 740 ipsa
1708 654 2149 741 cogitandi
2190 655 2367 735 ratic,
2411 653 2845 720 tractandi

425 755 758 820 methodus
803 758 864 821 et
909 755 1208 837 dictio,
1251 757 1458 840 prouti
1504 761 1567 822 et
1611 757 1707 823 ad
1718 757 2046 842 Juncta,
2114 776 2272 842 quae
2313 757 2379 822 in
2422 757 2538 822 hac
2583 755 2849 840 epistola

426 855 504 920 de
549 859 799 922 auctore
844 857 978 941 ejus
1025 861 1606 939 commemorantur,
1672 860 1837 926 clare
1882 859 2124 939 docent,
2186 862 2503 926 auctorem
2548 856 2843 940 epistolae

426 975 564 1022 esse
611 957 967 1042 apostolum
1009 959 1382 1027 Paulum.

628 1061 813 1126 Inte
827 1061 1099 1146 gritas
1160 1062 1458 1153 epistolae
1503 1062 1827 1147 (nimirum
1873 1081 2006 1147 cap.
2056 1063 2155 1128 15.
2202 1065 2266 1127 et
2311 1061 2439 1146 16.)
2483 1079 2522 1126 a
2564 1058 2848 1144 pluribus

426 1160 523 1226 est
563 1160 954 1246 impugnata,
1000 1167 1064 1230 et
1103 1165 1360 1248 quidem
1403 1164 1578 1230 ideo:

628 1263 683 1328 1.
775 1263 954 1348 Quia,
980 1269 1140 1332 teste
1187 1265 1581 1351 Origene,
1627 1265 1781 1332 haec
1805 1266 2013 1350 capita
2036 1265 2099 1331 in
2133 1263 2596 1330 Marcionis
2642 1261 2850 1329 codice

427 1359 792 1444 defuerunt3

626 1465 686 1530 2.
777 1467 922 1551 quia
964 1467 1289 1534 codices
1355 1468 1421 1534 in
1463 1469 1822 1535 collocanda
1884 1467 2324 1552 doxologia
2368 1465 2496 1550 (16,
2540 1463 2845 1548 25-27.)

423 1562 587 1630 inter
631 1585 700 1632 se
765 1567 1281 1653 discrepant,
1349 1588 1543 1653 quum
1607 1569 1719 1635 alii
1786 1587 1927 1636 eam
1990 1569 2071 1634 ad
2134 1567 2404 1635 finem
2470 1567 2692 1651 capitis
2740 1567 2836 1632 16.

425 1668 825 1746 contineant;
892 1669 1002 1734 alii
1043 1687 1185 1736 vero
1230 1688 1375 1736 cum
1416 1670 1971 1737 lectionariis
2037 1669 2377 1755 graecis
2422 1672 2484 1734 et
2528 1668 2848 1735 nonnullis

423 1769 956 1836 versionibus
1008 1773 1196 1855 post
1260 1770 1520 1837 finem
1589 1771 1813 1856 capitis
1860 1773 1996 1850 14.;
2063 1771 2169 1838 alii
2212 1789 2351 1836 eam
2394 1771 2461 1838 in
2504 1769 2845 1855 utroque

422 1869 556 1935 loco
599 1870 908 1949 habeant3
953 1871 1061 1938 alii
1104 1890 1241 1938 eam
1285 1873 1470 1956 plane
1513 1872 1821 1938 omitta
1844 1871 1952 1938 nt.

628 1972 687 2036 3.
776 1971 937 2054 Quia
978 1973 1448 2040 faustorum
1492 1973 1983 2058 apprecatio
2027 1973 2153 2039 ter
2197 1971 2478 2051 occurrit,
2512 1971 2851 2055 etproinde

423 2074 455 2135 t
475 2071 689 2138 oties
733 2073 1036 2158 epistolae
1078 2074 1220 2140 finis
1262 2074 1571 2141 indicatur
1612 2074 1744 2159 (15,
1774 2075 1891 2154 333
1938 2075 2036 2155 16,
2059 2075 2161 2141 20.
2186 2073 2337 2159 24),
2384 2073 2545 2157 quod
2568 2072 2849 2157 ineptum

423 2172 685 2240 videtur.

635 2273 1025 2359 Quapropter
1067 2274 1176 2342 alii
1217 2276 1371 2342 haec
1415 2275 1535 2342 duo
1595 2276 1803 2360 capita
1866 2295 1957 2361 ap
1974 2296 2015 2361 p
2036 2295 2127 2342 en
2146 2277 2318 2343 dice
2336 2295 2366 2341 s
2422 2274 2776 2342 habuerunt
2816 2293 2853 2340 a

426 2393 478 2440 s.
523 2374 719 2442 Paulo
787 2376 984 2443 serius
1053 2377 1333 2456 additas3
1400 2377 1510 2444 alii
1552 2396 1604 2443 c.
1658 2379 1755 2445 16.
1818 2378 2390 2464 appendicem,
2458 2396 2508 2444 c.
2557 2377 2657 2443 15.
2704 2393 2848 2442 vero

423 2494 519 2560 po
537 2480 614 2542 st
633 2497 664 2543 s
683 2495 717 2544 c
736 2477 858 2562 rip
877 2481 1043 2545 tum
1088 2479 1495 2561 declararunt,
1543 2479 1742 2546 serius
1788 2479 2085 2564 epistolae
2130 2479 2519 2565 adpositum3
2582 2479 2689 2544 alii
2732 2478 2851 2543 hoc

425 2567 506 2642 de
561 2596 603 2643 u
621 2578 650 2642 t
667 2596 749 2644 ro
767 2597 865 2662 qu
885 2597 918 2644 e
985 2580 1190 2664 capite
1255 2583 1686 2658 asseruerunt3
1754 2580 1860 2646 alii
1924 2581 2177 2646 tandem
2243 2580 2565 2664 utriusque
2631 2579 2849 2663 capitis

423 2677 734 2762 originem
775 2678 1212 2747 Paulinam
1255 2681 1577 2766 negarunt
1628 2679 1750 2747 Sed
1771 2681 2103 2765 utrumque
2128 2680 2319 2765 caput
2352 2684 2450 2748 est
2500 2679 2855 2766 genuina

424 2779 723 2862 epistolae
766 2798 931 2865 pars.
1017 2781 1187 2866 Nam
1231 2781 1294 2866 a)
1339 2781 1687 2848 omissio
1730 2782 1797 2847 in
1839 2779 2311 2848 Marcionis
2354 2781 2559 2848 codice
2616 2780 2849 2846 nullius

425 2883 521 2946 est
563 2882 906 2961 momenti,
975 2883 1119 2966 quia
1137 2931 1154 2961 ,
1222 2883 1440 2948 eodem
1487 2881 1752 2968 Origene
1816 2886 1999 2964 teste,
2066 2883 2350 2966 Marcion
2413 2902 2460 2948 s.
2506 2883 2696 2948 libros
2740 2899 2851 2964 pro

423 2980 609 3047 libito
653 3001 764 3048 suo
810 2983 1101 3050 tractavit
1137 2987 1201 3049 et
1222 2982 1559 3051 mutilavit.
1603 2983 1671 3069 b)
1718 2984 1895 3064 Quod
1939 2984 2118 3051 dive
2140 2985 2520 3050 rsitatem
2564 2983 2848 3050 codicum

422 3085 712 3167 respectu
777 3085 1130 3173 doxologiae
1195 3085 1451 3166 attinet,
1517 3085 1632 3150 illa
1697 3085 2075 3151 sufficienter
2139 3085 2481 3169 explicatur
2541 3103 2575 3148 e
2617 3103 2659 3167 p
2679 3101 2762 3147 ra
2779 3101 2845 3147 e-

422 3183 938 3252 lectionibus
983 3186 1643 3253 ecclesia-sticis.
1688 3185 1896 3266 Quum
1942 3187 2108 3252 enim
2132 3205 2183 3252 c.
2214 3187 2311 3251 16.
2335 3184 2849 3263 nihilcontineat,

424 3286 589 3367 quod
633 3287 712 3351 ad
747 3288 1101 3356 auditorum
1144 3287 1786 3354 institutionem
1831 3287 1940 3352 aut
1982 3286 2671 3352 aedificationem
2716 3302 2853 3350 mo-

425 3390 620 3455 ralem
665 3390 1148 3475 promovendam
1195 3392 1362 3456 esset
1404 3391 1640 3474 aptum,
1687 3389 1754 3454 in
1796 3388 2201 3456 conventibus
2244 3389 2435 3456 sacris
2478 3406 2602 3455 non
2665 3405 2846 3472 prae-

424 3490 790 3576 legebatur3
856 3493 1141 3557 attamen
1163 3541 1181 3572 ,
1248 3509 1325 3557 ne
1392 3491 1763 3576 perpulchra
1840 3491 2163 3575 doxologia
2228 3492 2307 3557 ad
2370 3490 2563 3558 finem
2629 3508 2681 3557 c.
2751 3489 2847 3554 16.

423 3593 833 3673 omitteretur,
904 3594 969 3659 et
1009 3609 1204 3677 quum
1249 3611 1300 3658 c.
1351 3592 1450 3658 15.
1503 3593 1639 3676 jam
1698 3595 1843 3678 apto
1907 3593 2089 3659 modo
2154 3593 2456 3673 finiretur,
2520 3591 2848 3677 (nimirum

425 3693 770 3761 faustorum
818 3692 1304 3780 apprecatione),
1350 3693 1773 3777 adponebatur
1816 3694 1895 3759 ad
1939 3694 1972 3759 f
1982 3694 2005 3758 i
2025 3711 2195 3759 nem
2239 3712 2291 3758 c.
2341 3695 2441 3774 14,
2488 3696 2550 3758 et
2573 3694 2850 3777 primum

424 3793 492 3860 in
535 3796 900 3880 margine
943 3795 1256 3874 adnotata,
1303 3794 1501 3860 serius
1547 3795 1742 3860 textui
1784 3795 1902 3880 ipsi
1946 3794 2352 3860 inserebatur.
2420 3795 2590 3864 Dum
2634 3795 2841 3876 itaque

425 3894 750 3980 doxologia
813 3891 924 3962 illa
967 3897 1036 3962 in
1079 3895 1418 3976 codicibuS,
1487 3896 1592 3979 qui
1638 3897 1717 3962 ad
1758 3914 1907 3962 usus
1961 3895 2411 3962 ecclesiasticos
2453 3914 2496 3960 n
2514 3912 2549 3960 o
2566 3914 2609 3960 n
2676 3897 2851 3958 erant

427 3996 746 4078 destinati,
813 3997 1018 4064 locum
1086 4014 1268 4063 suum
1313 4000 1808 4081 competentem,
1876 3997 1918 4062 i.
1966 4017 2017 4062 e.
2062 3997 2143 4062 ad
2185 3996 2375 4061 finem
2420 4014 2470 4062 c.
2520 3995 2620 4060 16.
2667 4013 2851 4060 occu-

423 4102 621 4184 paret,
643 4098 822 4164 —in
844 4099 1040 4179 libris,
1073 4099 1180 4215 qui
1221 4098 1951 4182 praelectionibus
1995 4096 2365 4182 publicis
2407 4094 2846 4176 inserviebant,

417 4199 556 4285 jam
599 4202 791 4283 post
833 4219 882 4266 c.
932 4201 1054 4280 14.,
1113 4200 1249 4285 jam
1313 4200 1454 4282 post
1498 4200 1735 4278 c.16.,
1802 4216 1948 4284 ergo
1991 4198 2118 4264 bis
2185 4200 2281 4264 est
2338 4197 2585 4281 scripta.
2676 4197 2847 4278 Quae
2912 4237 2919 4240 -

427 4301 712 4368 codicum
778 4301 1098 4368 diversitas
1160 4300 1301 4367 dein
1365 4300 1516 4366 alios
1579 4299 1866 4366 librarios
1931 4297 2258 4385 permovit,
2326 4301 2399 4363 ut
2464 4299 2852 4384 doxologiam

425 4403 607 4470 illam
648 4402 836 4488 plane
879 4400 1450 4469 omitterent.
1539 4399 1598 4486 c)
1644 4400 2024 4485 Triplex
2087 4398 2435 4467 faustorum
2501 4401 2855 4488 apprecatio

427 4502 608 4574 facile
655 4503 1016 4589 explicatur,
1063 4502 1116 4569 si
1163 4501 1480 4582 statuitur,
1539 4501 1890 4586 apostolum
1934 4521 1965 4567 r
1986 4519 2019 4566 e
2034 4520 2073 4568 v
2089 4519 2122 4566 e
2140 4520 2173 4566 1·
2190 4519 2228 4566 a
2271 4501 2517 4586 saepius
2558 4501 2851 4569 habuisse
