3234 4992
1230 252 1344 304 esp.
1370 253 1449 296 lv.
1476 262 1524 294 v.
1550 251 1721 294 18—18.
2417 268 2421 272 ·
2596 254 2681 320 65

245 441 390 504 tam
435 457 647 504 eorum
694 437 998 520 omnium,
1042 439 1150 522 qui
1194 437 1722 524 praeputiati
1770 437 2233 517 crederent,
2302 455 2490 521 quam
2533 437 2682 504 cir-

245 540 832 617 cumcisorum,
879 540 986 624 qui
1025 539 1217 605 fidem
1241 540 1374 624 eJus
1395 540 1807 606 imitarentur.
1852 575 1940 588 -
1982 537 2112 605 Vox
2144 537 2336 622 πατήρ
2380 540 2677 605 latiori

248 641 609 726 significatu
655 642 908 708 denotat
948 641 1312 706 relationem
1355 659 1476 707 non
1515 640 1802 719 carnaliS,
1870 641 1979 705 sed
2044 641 2483 726 spirituali
2506 661 2537 706 s
2583 659 2684 706 co-

245 743 590 826 gnationis,
629 743 863 808 ratione
907 761 1121 806 exem
1143 742 1278 827 pli.
1325 777 1410 790 —
1432 742 1505 803 δι’
1528 739 1922 824 ἀκροβυστίας
1954 741 2124 807 idem
2147 760 2221 807 ac
2241 745 2299 806 ἐν
2321 741 2686 824 ἀκροβυστίᾳ

247 847 316 908 et
357 844 477 910 ho'c
526 845 1010 929 intelligendum
1054 843 1130 908 de
1193 844 1442 922 statu,
1510 844 2018 922 conditione,
2083 843 2148 908 in
2192 863 2314 927 qua
2357 845 2494 928 quis
2537 863 2679 909 ver-

249 949 448 1010 satur.
499 982 576 992 —
621 993 662 1025 „
679 945 758 1011 Ut
796 945 1207 1031 imputaretur
1249 953 1304 1008 et
1343 943 1475 1010 illia
1500 945 1821 1035 justitia‘ss
1865 945 1901 1009 i.
1931 963 1981 1009 e.
2028 947 2121 1024 ut,
2166 945 2327 1009 sicut
2370 945 2683 1024 Abrahae,

248 1048 446 1112 etiam
491 1047 621 1112 illis
666 1045 1079 1130 praeputiatis
1122 1045 1460 1128 gentilibus
1503 1046 1659 1112 fides
1702 1046 2116 1130 imputaretur
2152 1045 2407 1128 justitia
2448 1065 2560 1111 seu
2603 1047 2684 1111 ad

241 1147 591 1230 justitiam,
637 1147 702 1210 et
741 1166 812 1211 ex
854 1146 976 1211 fide
1020 1163 1134 1211 sua
1173 1145 1274 1210 illi
1314 1164 1554 1228 quoque
1594 1146 2035 1230 justificentur,
2079 1145 2242 1210 sicut
2282 1145 2681 1212 Abrahamus

251 1267 328 1312 ex
369 1247 495 1313 fide
529 1265 655 1312 sua
690 1247 1072 1331 justificatus
1117 1251 1231 1314 est.
1275 1281 1361 1294 -—
1404 1245 1730 1312 Sententia
1784 1248 1938 1312 haec
2002 1249 2098 1315 est
2161 1264 2683 1330 consequens

252 1369 326 1414 ex
373 1366 750 1432 praegressa,
799 1348 908 1412 sed
952 1347 1311 1433 parenthesi
1354 1347 1745 1414 includenda.

471 1449 546 1514 V.
596 1449 694 1514 12.
761 1447 890 1528 „Ei
931 1456 1078 1512 esset
1104 1456 1296 1534 pater
1349 1448 1843 1527 circwnciaionia,
1907 1449 1993 1512 eis
2035 1448 2331 1532 (nempe),
2398 1447 2505 1534 qui
2562 1469 2686 1512 non

250 1549 451 1615 solum
494 1571 526 1613 c
567 1549 1020 1614 circumcisione
1063 1558 1230 1627 sunt,
1273 1548 1381 1612 sed
1422 1549 1606 1613 etiam
1664 1549 1953 1613 incedunt
1992 1549 2257 1633 vestiqiis
2281 1547 2444 1634 fidei
2470 1549 2685 1634 patris

250 1652 455 1717 nostri
498 1650 866 1728 Abrahami,
909 1672 1092 1736 quam
1135 1648 1367 1728 habuit,
1409 1647 1556 1712 dum
1575 1650 1645 1713 in
1654 1651 1989 1736 praeputio
2032 1653 2228 1714 erat‘ss
2272 1649 2429 1714 Vult
2450 1649 2683 1714 dicere:

250 1755 408 1820 Ideo
454 1753 874 1829 Abrahamu8‚
921 1770 1068 1816 cum
1103 1750 1486 1835 justificatus
1531 1755 1701 1816 esset
1744 1751 1809 1816 in
1854 1751 2195 1836 praeputio,
2238 1750 2443 1816 adhue
2472 1749 2684 1816 tamen

251 1855 502 1938 accepit
543 1851 1092 1930 circumcisionem,
1160 1852 1605 1916 documentum
1639 1852 1925 1936 justitiae
1947 1901 1962 1931 ,
2029 1853 2101 1917 ut
2142 1854 2308 1916 esset
2349 1854 2524 1935 pater
2566 1851 2687 1915 cir-

250 1955 699 2033 cumcisorum,
745 1953 784 2018 i.
835 1971 887 2017 e.
933 1951 1338 2031 Judaeorum,
1381 1953 1460 2016 iis
1506 1951 1658 2032 scih,
1731 1953 1838 2036 qui
1880 1971 2001 2018 non
2042 1953 2293 2018 tantum
2338 1969 2520 2017 carne
2564 1951 2685 2016 cir-

251 2056 528 2121 cumcisi
551 2058 718 2133 sunt,
759 2053 868 2118 sed
892 2053 1084 2117 etiam
1105 2053 1436 2117 imitantur
1456 2053 1665 2133 fidem,
1691 2072 1879 2137 quam
1902 2054 2009 2118 ille
2033 2052 2237 2118 adhuc
2259 2051 2687 2137 praeputiatus

251 2157 636 2222 exhibuerat.
684 2190 766 2202 —
810 2153 964 2219 Post
1003 2156 1100 2215 καὶ
1143 2153 1222 2218 ab
1267 2152 1444 2219 initio
1510 2173 1582 2218 ex
1639 2153 2031 2238 praecedenti
2091 2173 2270 2220 versu
2339 2153 2497 2240 (11.)
2542 2173 2687 2238 sup-

253 2258 563 2343 plendum
607 2258 734 2321 est:
795 2261 878 2327 εἰς
919 2253 988 2317 τὸ
1028 2259 1172 2318 εἰναι
1214 2253 1404 2317 αὐτὸν.
1491 2255 1588 2320 Ob
1650 2255 1998 2340 genitivum
2062 2260 2383 2339 περιτομῆς
2441 2256 2689 2321 deberet

257 2379 404 2426 esse
443 2363 560 2420 τοῖν
601 2361 1021 2440 στοιχοῦντωνς
1087 2357 1196 2422 sed
1262 2356 1451 2420 etiam
1512 2357 1754 2423 dativus
1812 2363 2133 2441 στοιχοῦσι,
2197 2357 2252 2422 si
2308 2356 2577 2422 sumitur
2618 2356 2691 2421 ut

259 2461 514 2526 dativus
558 2457 988 2536 commodi,
1034 2460 1251 2541 aptum
1273 2455 1477 2521 fundit
1499 2476 1771 2523 sensum.
1820 2494 1903 2508 —-
1946 2460 2183 2525 Verba:
2231 2457 2267 2520 ο*
2291 2461 2353 2520 ἐκ
2373 2462 2691 2542 περιτομῆς

257 2562 352 2626 ita
399 2559 720 2640 sumenda,
785 2559 881 2623 uti
936 2557 971 2622 ὁ
1029 2561 1092 2620 ἐκ
1145 2561 1395 2629 πίστεως
1450 2558 1538 2642 (3,
1604 2558 1755 2644 26.)
1805 2597 1878 2606 —-
1924 2559 2077 2625 Post
2139 2565 2455 2644 περιτομῆς
2514 2557 2692 2640 μόνον

259 2663 476 2726 mente
519 2659 935 2743 supplendum
980 2663 1107 2724 est.
1153 2659 1305 2725 οὖσι.

474 2759 550 2825 V.
597 2761 693 2824 13.
739 2759 936 2839 „Non
979 2761 1137 2824 enim
1171 2783 1298 2846 per
1341 2759 1524 2845 leqem
1553 2760 1889 2846 promissio
1932 2761 2289 2826 Abrahamo
2332 2761 2525 2847 (facta
2568 2761 2689 2846 est)

263 2870 380 2926 aut
418 2861 636 2924 semini
677 2864 826 2950 ejm,
879 2869 950 2924 ut
989 2861 1198 2925 haeres
1240 2869 1388 2925 esset
1427 2860 1663 2941 mundi,
1716 2861 1823 2926 sed
1853 2883 1973 2947 per
1997 2862 2315 2978 justitiam
2340 2861 2561 2947 fidci“
2610 2898 2686 2908 -—

265 2963 448 3043 Quod
491 2962 672 3026 modo
717 2962 1030 3044 apostolus
1054 2963 1128 3026 de
1173 2963 1476 3027 circum
1497 2963 1810 3028 cisione
1856 2963 2108 3043 dixerat,
2154 2962 2452 3029 nimirum
2478 2961 2686 3028 Abra-

267 3065 536 3129 hamum
584 3080 708 3127 non
751 3062 986 3127 ratione
1028 3062 1242 3129 habita
1281 3063 1951 3129 circumcisionis
2008 3064 2429 3148 justificatum
2472 3063 2683 3141 fuisse,

264 3165 526 3246 ideoque
585 3181 724 3228 eam
767 3163 1136 3250 (externam)
1200 3164 1520 3230 hominem
1585 3183 1708 3230 non
1770 3165 2021 3229 reddere
2086 3184 2298 3232 verum
2342 3163 2688 3230 Abrahami

263 3266 492 3345 filium,
539 3264 603 3329 id
646 3283 810 3329 nunc
853 3264 1076 3350 probat
1119 3268 1400 3350 respectu
1443 3265 1677 3348 legis.
1758 3263 2155 3331 Solummodo
2198 3267 2331 3331 loco
2374 3265 2688 3330 notionis:

264 3367 462 3432 filiu
485 3385 548 3445 s,
594 3365 846 3431 adhibet
887 3367 1202 3431 notionem
1245 3367 1645 3432 correlatam:
1710 3366 1953 3430 haere
1974 3385 2035 3446 S,
2103 3366 2247 3451 quia
2288 3362 2691 3448 argumenta-

264 3471 504 3534 tionem
551 3467 823 3533 adnectit
864 3467 960 3532 illi
1005 3466 1314 3534 Geneseos
1357 3469 1492 3533 loco
1511 3517 1526 3546 ,
1593 3467 1702 3532 ubi
1745 3467 2107 3532 Abrahamo
2166 3471 2335 3533 terra
2396 3466 2693 3534 Chanaan

264 3575 573 3652 tanquam
614 3569 853 3634 haere
873 3569 1100 3634 ditas
1141 3587 1250 3653 pro
1292 3569 1556 3653 posteris
1611 3568 1745 3653 ejus
1804 3569 2200 3652 promittitur.
2246 3606 2332 3618 —
2374 3569 2504 3653 γάρ,
2550 3570 2696 3654 quia

265 3690 456 3738 versu
498 3670 616 3736 hoc
680 3671 1234 3750 demonstrat,
1303 3670 1464 3754 quod
1529 3669 1703 3752 prius
1766 3670 2019 3749 dixerat,
2082 3671 2212 3736 scil.
2260 3671 2693 3737 Abrahamum

266 3791 408 3838 esse
451 3771 768 3855 patrem
813 3771 1165 3836 omnium
1212 3771 1753 3851 credentium,
1798 3773 2144 3836 nonsolum
2188 3771 2693 3839 circumcisorum

266 3870 730 3986 (Judaeorum).
797 3872 934 3936 Hoc
980 3875 1191 3936 autem
1236 3873 1326 3937 ita
1369 3872 1608 3956 probat,
1658 3891 1851 3955 quum
1896 3873 2183 3953 ostendit,
2227 3872 2587 3938 Abrahamo
2632 3874 2696 3936 et

265 3973 502 4040 semini
546 3972 680 4057 ejus
723 3972 958 4038 factam
998 3972 1191 4038 fuisse
1234 3973 1709 4055 promissionem
1737 3972 2145 4056 possessionis
2184 3973 2348 4038 orbis
2372 3973 2693 4051 terrarum,

265 4093 398 4140 non
441 4074 676 4140 ratione
719 4073 934 4139 habita
991 4073 1204 4158 legis
1247 4073 1370 4138 Mo
1390 4093 1419 4138 s
1439 4073 1564 4138 aie
1586 4092 1671 4139 ae
1718 4074 1899 4158 (quae
1942 4074 2218 4139 nondum
2263 4072 2521 4156 aderat),
2588 4071 2697 4136 sed

259 4174 716 4262 justitiae
780 4195 872 4240 ex
941 4174 1135 4240 fide
1211 4179 1569 4258 partae;
1634 4176 1799 4240 unde
1864 4175 2303 4257 consequitur,
2370 4172 2698 4237 haeredem

264 4277 409 4342 fieri
453 4277 728 4360 aliquem
770 4295 894 4342 non
959 4295 1069 4358 per
1131 4277 1355 4360 legem,
1424 4277 1534 4341 sed
1597 4297 1705 4361 per
1764 4277 2155 4341 fidem-
2204 4275 2359 4340 Post
2402 4274 2699 4354 ἐπαγγελία

266 4379 695 4463 supplendum
740 4381 838 4442 est
901 4375 1141 4459 ἐγένετο.
1207 4414 1283 4423 -
1351 4377 1474 4442 Per
1525 4397 1566 4461 p
1589 4398 1621 4443 r
1643 4397 1677 4443 o
1701 4398 1766 4443 m
1794 4379 1814 4442 i
1839 4397 1867 4442 s
1893 4397 1923 4442 s
1946 4377 1971 4442 i
1991 4394 2026 4440 ο
2048 4395 2091 4440 11
2114 4394 2147 4440 e
2171 4395 2267 4454 m,
2334 4375 2695 4440 Abrahamo

264 4477 988 4642 factmgfflffienda
1029 4481 1125 4543 est
1168 4457 1514 4603 haereditas
1535 4478 1713 4564 regni
1754 4477 2071 4558 Messiani,
2118 4477 2245 4544 toto
2268 4476 2415 4544 orbe
2437 4474 2700 4648 d5ilatati,
