3234 4992
503 166 632 231 250
1509 164 1622 216 Gap.
1648 164 1767 207 xVI.
1790 176 1839 207 v,
1864 166 1932 209 2⁹¹1.

501 351 634 433 ple
657 352 783 414 tas
827 369 964 415 esse
987 350 1472 415 manifestarunt
1513 352 1653 436 ipsa
1684 351 1987 415 factorum
2012 351 2409 429 exhibitione,
2453 368 2565 415 seu
2608 348 2943 413 eventibus

503 453 583 515 ad
631 451 930 515 vaticinia
972 452 1501 533 respondentibus,
1565 452 1748 517 Unde
1792 453 2012 525 elucet,
2058 452 2137 515 N.
2182 450 2259 515 T.
2305 451 2371 514 in
2416 451 2675 533 antiquo
2718 450 2942 523 latere,

503 557 566 616 et
611 554 938 634 antiquum
985 553 1049 616 in
1093 570 1250 617 novo
1307 557 1541 637 patere.
1605 591 1691 599 —
1744 550 1866 613 κατ’
1926 555 2198 633 ἐπιταγήν
2256 557 2427 629 θεοῦ,
2492 552 2944 616 secundum

505 657 1036 737 praeceptum
1081 655 1611 718 aeterniDei.
1700 655 1817 719 Ille
1874 655 2175 718 nimirum
2236 655 2481 730 Deus,
2545 652 2649 735 qui
2716 652 2948 715 mundi

503 756 997 836 redemptionem
1045 755 1125 819 ab
1169 759 1420 819 aeterno
1481 755 1855 832 decreverat,
1921 756 2026 819 ille
2068 756 2259 818 etiam
2314 754 2640 831 ordinavit,
2689 754 2759 817 ut
2804 753 2943 831 illa,

504 862 836 940 postquam
882 876 995 938 per
1029 856 1342 921 Christum
1385 857 1663 939 perfecta
1702 855 1923 931 fuerat,
1968 874 2079 938 per
2100 856 2379 932 nuncioS,
2418 855 2497 918 ad
2518 854 2636 919 hoc
2681 855 2945 930 electos„

503 957 789 1021 universo
835 958 1066 1022 mundo
1113 958 1559 1023 manifestetur.
1650 963 1733 1028 εἰς
1792 956 2067 1037 damnarint
2108 960 2375 1033 πίστεως,
2438 956 2757 1039 genitivus
2820 955 2948 1019 ob-

505 1058 712 1140 jecti
737 1107 754 1135 ,
813 1058 930 1123 hoc
989 1078 1207 1123 sensu:
1271 1059 1362 1124 Ut
1428 1060 1778 1124 ohedientia
1833 1058 1981 1122 fidei
2044 1058 2388 1141 (doctrinae
2434 1056 2697 1140 Christi)
2756 1060 2947 1138 prae-

507 1162 723 1223 stetur.
773 1158 864 1223 Cf.
916 1161 972 1237 1,
1016 1160 1075 1223 5.

711 1260 789 1325 V.
849 1262 951 1324 27.
1015 1259 1200 1339 „Soli
1263 1261 1532 1346 sapienti
1591 1259 1728 1324 Deo
1794 1282 1915 1345 per
1969 1260 2184 1323 Jesum
2272 1256 2642 1323 Christum.“
2726 1258 2953 1323 Verba

505 1359 662 1424 haec
705 1361 1028 1425 referenda
1066 1363 1213 1426 sunt
1267 1364 1346 1425 ad
1403 1362 1797 1445 participium
1855 1365 1947 1438 τῷ
2001 1363 2299 1439 δυναμένῳ
2345 1360 2478 1444 (qui
2523 1363 2745 1443 potens
2796 1360 2945 1441 est).

505 1462 709 1526 Deum
754 1467 932 1527 vocat
974 1464 1077 1528 hic
1135 1464 1638 1547 sapientem,
1699 1464 1845 1546 quia
1902 1465 1968 1527 in
2030 1462 2455 1544 redemptione
2514 1462 2759 1544 generis
2824 1462 2949 1525 hu-

505 1564 677 1627 mani
723 1584 832 1646 per
875 1564 1198 1631 Christum
1243 1566 1614 1649 praeprimis
1660 1565 1862 1628 elucet
1905 1563 2332 1647 sapientia
2377 1564 2511 1627 Dei.
2559 1600 2647 1608 —
2690 1562 2949 1626 Verba:

504 1683 647 1746 per
688 1664 734 1729 J
751 1684 965 1729 esum
1013 1665 1432 1731 Christum
1477 1684 1600 1729 non
1646 1667 1793 1730 sunt
1834 1670 2002 1729 arcte
2046 1666 2350 1730 nectenda
2385 1683 2529 1729 cum
2573 1664 2949 1728 immediate

505 1766 879 1848 antegressis
925 1766 1064 1847 (soli
1111 1768 1376 1848 sapienti
1419 1766 1600 1849 Deo),
1662 1785 1735 1830 ac
1776 1768 1831 1830 si
1886 1786 2107 1831 sensus
2168 1770 2351 1842 esset,
2406 1766 2612 1829 Deum
2656 1783 2790 1829 esse
2842 1783 2949 1829 sa·

509 1866 786 1948 pientem
830 1887 969 1950 per
1011 1867 1234 1934 Jesum
1281 1866 1619 1944 Christum,
1680 1886 1873 1949 quum
1932 1886 2134 1932 sermo
2192 1868 2295 1931 hic
2338 1868 2421 1931 sit
2476 1868 2763 1949 ineptus;
2832 1866 2949 1929 sed

502 1970 637 2031 tota
680 1969 1013 2051 propositio
1059 1970 1245 2033 debet
1285 1968 1690 2052 elliptice
1734 1969 1920 2046 sumi,
1984 1973 2167 2050 atque
2212 1969 2302 2032 ita
2346 1968 2599 2050 exponi:
2664 1966 2793 2032 Soli
2846 1986 2950 2031 sa-

506 2067 705 2145 pienti
750 2070 878 2133 Deo
925 2070 1007 2133 sit
1063 2069 1337 2152 gloria
1393 2088 1505 2153 per
1558 2069 1779 2136 Jesum
1828 2068 2165 2134 Christum.
2261 2069 2322 2135 S.
2371 2069 2687 2153 apostolus
2752 2068 2947 2132 dicit:

507 2187 646 2250 per
687 2168 967 2235 Jesum
1015 2168 1466 2247 Christum,
1514 2172 1660 2252 quia
1701 2172 1949 2235 tantum
1997 2190 2105 2254 per
2148 2171 2441 2236 Jesum
2488 2169 2947 2246 Christum,

505 2269 1071 2347 mediatorem,
1139 2271 1244 2352 qui
1313 2275 1406 2335 est
1473 2273 2013 2349 Dens-home,
2080 2272 2228 2335 hinc
2292 2271 2640 2338 infiniti
2709 2269 2947 2346 meriti,

505 2369 707 2432 Deum
775 2370 1088 2434 infinitum
1157 2371 1508 2436 infinite
1577 2377 1641 2436 et
1706 2374 1844 2436 ideo
1913 2373 2098 2455 digne
2165 2371 2504 2435 laudare
2570 2370 2947 2452 (celebrare)

507 2469 684 2551 eique
747 2489 856 2553 pro
921 2471 1214 2535 omnibus
1281 2474 1479 2552 boniS,
1547 2478 1798 2557 propter
1840 2473 2069 2538 Jesum
2115 2472 2436 2538 Christum
2502 2472 2683 2537 nobis
2750 2472 2945 2547 datis,

507 2569 692 2652 digne
757 2572 1080 2653 gratias
1143 2592 1383 2655 agere
1427 2576 1710 2639 valemus
1769 2573 1924 2658 (Col.
1974 2580 2035 2677 3³
2084 2575 2245 2656 17.);
2304 2593 2453 2638 nam
2500 2573 2693 2638 Jesus
2763 2571 2947 2637 Chri-

503 2674 658 2750 stus,
705 2672 812 2754 qui
853 2674 1027 2736 toto
1075 2692 1221 2737 suae
1265 2676 1431 2739 vitae
1496 2676 1883 2739 mortalis
1943 2679 2243 2757 tempore,
2301 2674 2339 2738 i.
2390 2693 2440 2737 e.
2490 2693 2527 2738 a
2586 2674 2791 2756 primo
2836 2672 2948 2736 In-

506 2774 878 2839 carnationis
924 2773 1181 2838 instanti
1226 2794 1418 2857 usque
1462 2776 1540 2839 ad
1585 2778 1809 2840 mortis
1856 2780 2245 2839 momentum
2295 2776 2498 2839 Deum
2543 2774 2944 2857 glorificavit,

505 2874 721 2953 etiam,
770 2895 842 2939 ex
884 2894 1002 2959 quo
1046 2877 1543 2950 resurrexit,
1606 2879 1669 2940 et
1710 2878 2016 2959 gloriosus
2061 2878 2140 2941 in
2185 2878 2467 2941 coelos
2530 2875 2945 2951 ascendit,

502 2974 706 3040 Deum
775 2977 1018 3041 infinite
1087 2996 1334 3060 semper
1397 2977 1705 3059 glorificat
1771 2978 1837 3040 in
1907 2978 2163 3041 terris
2229 2977 2292 3040 et
2355 2978 2418 3040 in
2485 2976 2776 3040 coelis.
2868 2976 2947 3039 In

503 3077 759 3142 terris
803 3096 987 3161 super
1029 3078 1342 3155 altare,
1388 3079 1493 3143 ubi
1538 3078 1732 3160 ipsius
1792 3080 2139 3143 immolatio
2184 3078 2264 3142 ad
2308 3078 2425 3141 Dei
2482 3076 2750 3161 gloriam
2795 3094 2945 3140 con-

504 3177 676 3241 tinue
734 3181 796 3241 et
853 3197 1098 3262 semper
1168 3179 1428 3262 mystice
1506 3179 1933 3253 continuatum
2002 3180 2067 3241 in
2125 3178 2387 3242 coelis
2450 3195 2660 3241 coram
2720 3176 2945 3240 throno

503 3279 639 3354 Dei,
685 3279 790 3342 ubi
835 3280 1000 3361 (coll.
1049 3280 1237 3361 Apoc.
1287 3280 1346 3355 5,
1391 3280 1478 3360 6.)
1525 3279 1812 3362 Agnus
1858 3282 2005 3357 stat,
2061 3279 2291 3344 velut
2348 3279 2729 3354 occisus,
2797 3277 2835 3339 i.
2891 3296 2943 3340 e.

505 3380 569 3443 in
613 3379 915 3462 passionis
978 3399 1126 3443 suae
1185 3380 1555 3444 memoriam
1619 3398 1731 3443 sua
1790 3398 1965 3444 sacra
2023 3381 2344 3463 stigmata,
2408 3380 2473 3443 in
2531 3398 2641 3442 suo
2686 3396 2942 3460 corpore

510 3479 777 3562 glorioso
820 3483 1079 3558 retenta,
1137 3482 1269 3545 Deo
1317 3500 1562 3563 semper
1605 3481 1872 3557 exhibet,
1918 3480 2324 3563 interpellans
2370 3480 2767 3563 (deprecans)
2829 3496 2940 3561 pro

505 3579 686 3644 nobis
754 3579 967 3661 (Hebr.
1040 3582 1097 3657 7,
1158 3582 1306 3664 23⁷2).
1359 3620 1420 3628 —-
1479 3580 1651 3660 „Cui
1709 3580 1913 3666 yleria
1976 3581 2044 3643 in
2108 3579 2375 3645 saecula.
2436 3579 2700 3647 Amen.“
2788 3578 2944 3642 Vult

513 3682 745 3745 dicere:
811 3677 925 3744 Cui
1011 3680 1164 3744 Jesu
1247 3679 1527 3759 Christe,
1608 3682 1935 3745 mediatori
2016 3684 2079 3745 et
2158 3682 2648 3748 consummatori
2716 3679 2940 3745 salutis

507 3784 773 3857 nostrae,
823 3780 906 3843 sit
949 3780 1146 3861 gloria
1187 3781 1252 3843 in
1298 3784 1649 3854 aeternum:
1698 3801 1843 3845 seu:
1890 3780 2011 3861 Qui
2054 3782 2099 3846 J
2102 3800 2243 3845 esus
2290 3780 2576 3847 Christus
2619 3782 2686 3844 in
2732 3784 2934 3845 aeter-

516 3899 669 3943 num
714 3880 1058 3943 celebretur
1102 3879 1458 3964 (laudetur).
1548 3884 1646 3946 Ita
1683 3882 1812 3947 fiat.
1910 3883 2011 3946 Sic
2070 3882 2399 3946 relativum
2449 3881 2502 3961 φ’
2543 3881 2814 3945 refertur
2862 3881 2938 3944 ad

503 3981 545 4046 J
567 3998 792 4043 esum
841 3978 1288 4054 Christum3
1335 4000 1490 4067 quae
1537 3983 1861 4064 explicatio
1910 3982 2383 4065 simplicissima
2427 3986 2525 4047 est
2583 3982 2687 4065 (cf.
2736 3982 2797 4057 9,
2844 3981 2936 4062 5.)

503 4082 564 4143 et
626 4080 1026 4163 praeferenda
1067 4080 1317 4144 illorum
1363 4082 1772 4164 explicationi,
1842 4083 1945 4165 qui
1991 4100 2325 4166 pronomen
2387 4084 2506 4147 hoc
2551 4082 2933 4166 pleonastice

511 4182 782 4275 positum
833 4185 1136 4261 statuunt,
1187 4186 1249 4246 et
1293 4182 1680 4266 doxologiam
1726 4184 1889 4247 hanc
1934 4183 2012 4247 ad
2057 4184 2379 4252 Patrem
2428 4184 2717 4253 referunt.

1326 4422 2105 4469 “W—'⁸'
