3234 4992
1269 265 1382 319 onn.
1405 266 1528 312 xvr.
1549 276 1602 312 v.
1624 270 1795 310 ιι-ισ.
1956 334 1979 353 .
2612 267 2739 333 249

510 451 586 515 V.
651 452 754 517 24.
826 451 1110 532 „Gratia
1176 454 1440 519 Domini
1497 455 1697 519 nostri
1754 455 1911 520 Jcsu
1978 451 2209 517 0111·ὺᾶ
2272 474 2407 516 cum
2467 449 2743 516 ormn‘bm

307 548 501 614 vobis.
559 550 822 615 Amen!
903 554 1030 618 Ite
1050 558 1179 620 rat
1233 557 1359 633 hic,
1419 557 1582 639 quod
1626 557 1797 639 prius
1855 555 1937 639 (v.
1982 554 2117 636 20.)
2175 553 2365 629 dixit;
2420 572 2577 635 quae
2618 551 2739 617 ite-

306 652 465 717 ratio
486 656 584 717 est
607 654 688 717 ad
709 655 1186 721 similitudinem
1219 658 1612 722 Latinoru
1632 675 1697 722 m
1713 705 1730 735 ,
1775 657 1900 739 qui,
1934 656 2307 739 quibusdam
2328 654 2735 739 interpositis,

317 753 590 818 scribere
635 756 870 821 solent:
916 756 1224 823 iterum
1267 759 1466 823 vale.

512 853 588 919 V.
655 856 758 921 25.
828 857 962 936 „Ei
1017 867 1239 939 mntem,
1301 860 1412 945 qui
1467 868 1689 945 potem
1751 868 1857 937 cst,
1918 879 2025 923 voc
2080 856 2501 941 confirmare!
2584 855 2741 922 Vult

306 952 549 1019 dicere:
597 955 732 1020 Deo
775 962 1012 1037 autem,
1057 960 1165 1042 qui
1206 962 1416 1043 potest
1456 979 1566 1025 vos
1603 960 1986 1038 confirmare,
2030 958 2243 1023 firmos
2282 958 2553 1037 reddere,
2600 959 2731 1023 scil.

306 1054 374 1119 in
418 1055 556 1120 fide.
645 1056 954 1140 στηρίζειν,
1001 1060 1382 1139 confirmare,
1425 1062 1681 1126 firmum
1724 1061 1993 1125 reddere.
2044 1096 2125 1108 —·
2170 1060 2511 1145 „Re-spectu
2560 1081 2738 1123 evan-

309 1154 466 1241 gelii
503 1158 625 1221 mei
638 1164 704 1238 ,·“
764 1163 941 1243 quasi
1004 1161 1266 1227 diceret:
1331 1164 1406 1228 In
1470 1164 1591 1227 fide
1636 1162 1961 1246 evangelii,
2028 1162 2189 1246 quod
2252 1180 2369 1245 ego
2432 1161 2735 1244 praedico.

307 1254 537 1323 Verbis
581 1259 680 1324 his
723 1261 1056 1345 significat,
1101 1283 1196 1328 cu
1211 1264 1344 1347 jus
1402 1265 1733 1348 generis
1794 1266 1880 1327 sit
1934 1265 2047 1329 illa
2100 1263 2501 1329 confirmatio.
2586 1261 2735 1323 κατά

301 1358 368 1421 11.
433 1360 474 1423 L
541 1364 613 1424 ut
672 1380 857 1445 saepe
917 1367 1126 1429 notat:
1192 1372 1616 1447 respectu,
1684 1371 1749 1431 et
1810 1366 1959 1429 κατὰ
2022 1362 2397 1448 suiuy-raho&
2452 1364 2741 1447 respectu

309 1461 650 1543 evangelii,
695 1467 793 1527 est
834 1465 1000 1530 idem
1045 1484 1154 1531 ac:
1197 1468 1266 1531 in
1307 1467 1649 1550 evangelio,
1693 1487 1804 1532 seu
1844 1468 1911 1533 in
1952 1469 2075 1533 fide
2120 1466 2439 1549 evangelii.
2528 1464 2733 1529 Evan-

309 1562 554 1643 gelium
621 1564 742 1629 hoc
806 1566 963 1630 dicit
1027 1587 1292 1647 suum,
1357 1570 1502 1651 quia
1557 1570 1933 1653 praedicatio
1991 1570 2125 1653 ejus
2185 1569 2309 1651 ipsi
2363 1567 2737 1633 demandata.

312 1666 468 1727 erat.
527 1700 614 1713 -
670 1666 802 1745 „Et
849 1668 1341 1753 praedicationis
1381 1670 1536 1735 Jesu
1599 1669 1889 1735 Cant-rtif‘
1973 1668 2185 1735 Verba
2224 1670 2381 1734 haec
2424 1671 2573 1733 sunt
2616 1687 2651 1731 e
2668 1687 2738 1732 x-

301 1763 680 1847 plicatio
723 1769 1093 1834 verborum:
1151 1771 1578 1855 evangelii
1632 1773 1816 1849 mei,
1878 1773 1970 1836 ita
2012 1776 2083 1835 ut
2124 1789 2343 1835 sensus
2386 1770 2501 1835 sit:
2559 1768 2739 1849 Quod

308 1867 710 1949 evangelium
777 1870 869 1933 nil
946 1872 1116 1936 aliud
1183 1877 1316 1948 est,
1397 1892 1584 1954 quam
1663 1873 2038 1955 praedicatio
2104 1872 2179 1936 de
2243 1872 2288 1937 J
2288 1890 2399 1935 esu
2462 1869 2731 1935 Christo.

306 1964 705 2033 Christus
791 1975 889 2035 est
967 1975 1338 2038 centrum
1427 1974 1578 2038 laeti
1661 1974 1891 2039 nuncii.
2016 1974 2149 2037 Alii
2230 1973 2452 2037 verba:
2534 1971 2739 2037 Jesu

307 2065 644 2133 Christi
707 2078 969 2137 sumunt
1046 2078 1118 2138 ut
1197 2073 1546 2157 genitivum
1615 2074 2021 2158 subjecti,
2085 2074 2205 2138 hoc
2268 2092 2494 2137 sensu:
2559 2070 2737 2151 Quod

305 2169 706 2251 evangelium
763 2172 855 2236 nil
914 2173 1084 2238 aliud
1143 2179 1258 2251 est,
1323 2193 1511 2256 quam
1569 2176 1965 2258 praedicatio,
2026 2193 2211 2257 quam
2258 2172 2545 2239 Christus
2596 2190 2737 2237 meo

309 2267 675 2335 ministerio
718 2270 967 2337 fecerat.
1055 2275 1257 2340 Priori
1300 2276 1693 2359 explicationi
1736 2276 1907 2340 favet
1950 2276 2149 2340 versio
2196 2274 2461 2359 Syriwa.
2510 2273 2737 2339 Verbis

301 2369 410 2433 his
450 2370 646 2453 igitur
688 2380 978 2456 precatur
1023 2377 1245 2453 Deum,
1290 2380 1366 2441 ut
1403 2377 1594 2441 fidem
1640 2380 1955 2442 conservet
1996 2376 2316 2453 Romanis,
2378 2375 2586 2459 prouti
2628 2375 2735 2439 ille

309 2488 454 2535 eam
500 2472 656 2555 ipsis
701 2477 1140 2559 suppeditavit.
1189 2514 1270 2526 —
1313 2477 1705 2557 „Secundum
1746 2477 2167 2543 revelationem
2208 2478 2433 2541 arcani
2440 2483 2505 2557 ,·“
2561 2476 2738 2559 quasi

309 2572 574 2638 diceret:
661 2575 799 2656 Qua
861 2579 1170 2662 evangelii
1248 2582 1705 2663 praedicatione
1787 2581 2091 2645 revelatur
2169 2583 2233 2643 et
2299 2579 2755 2643 manifestatur·

304 2691 517 2756 opus
579 2678 1184 2761 redemptionis
1241 2700 1351 2764 per
1392 2681 1616 2747 Jesum
1688 2679 2009 2746 Christum
2070 2682 2460 2746 incarnatum
2500 2679 2735 2743 Filium

309 2774 450 2839 Dei.
537 2776 658 2840 Per
739 2778 1060 2861 μυστήριον
1138 2782 1328 2847 debet
1389 2782 1653 2866 intelligi
1716 2800 1911 2865 opus
1974 2779 2568 2863 redemptionis
2626 2798 2738 2860 per

308 2873 356 2939 J
359 2894 537 2940 esum
583 2876 898 2945 Christum
942 2883 1333 2948 incarnatum
1377 2882 1611 2946 Filium
1656 2884 1789 2947 Dei.
1855 2880 1975 2967 (Cf.
2020 2883 2246 2965 EpheS.
2296 2882 2352 2957 1,
2399 2881 2470 2956 93
2518 2880 2578 2956 3,
2623 2881 2731 2961 9.).

313 3013 390 3023 -
442 2978 890 3064 „Temporibus
932 2985 1195 3047 aeternis
1235 2985 1474 3047 taeiti.“
1530 2983 1687 3047 Vult
1729 2983 1963 3047 dicere:
2009 2981 2187 3062 Quod
2230 3000 2386 3064 opus
2444 2981 2735 3064 redemp-

312 3077 510 3143 tionis
555 3081 636 3145 ab
679 3086 928 3149 aeterno
971 3086 1039 3149 in
1072 3086 1186 3149 Dei
1230 3087 1477 3149 decreto
1519 3084 1641 3149 fuit
1684 3086 1997 3149 occultum
2043 3085 2108 3146 et
2148 3082 2608 3147 absconditum.
2644 3118 2731 3130 —

311 3176 522 3257 Quum
568 3185 888 3265 tempus
930 3204 1056 3252 non
1097 3186 1178 3250 sit
1223 3190 1683 3261 aeternum,
1734 3186 2024 3248 dicuntur
2065 3184 2128 3247 h.
2173 3184 2217 3248 1.
2263 3188 2544 3265 tempora
2585 3183 2733 3266 (im-

313 3282 593 3365 proprie)
639 3288 818 3348 aete
838 3304 974 3350 rna
1033 3287 1376 3351 secundum
1439 3284 1973 3368 imaginationem,
2034 3301 2190 3365 quae
2246 3282 2545 3367 fingimus
2588 3286 2733 3349 ante

310 3384 624 3448 mundum
671 3386 1026 3451 aeternitati
1071 3388 1426 3452 coextitisse
1470 3388 1534 3470 (a
1575 3387 1774 3470 Lep).

508 3482 584 3548 V.
630 3485 731 3551 26.
800 3488 1034 3566 „Nunc
1087 3487 1461 3573 patefacti‘ss
1525 3488 1563 3551 i.
1627 3506 1678 3551 e.
1724 3488 1791 3552 in
1850 3486 2146 3567 temporis
2212 3485 2597 3567 plenitudine
2661 3486 2728 3551 in

315 3582 562 3650 Christo
642 3587 1106 3653 manifestatum
1187 3595 1298 3653 est.
1385 3626 1458 3634 —
1540 3588 1670 3667 „Et
1719 3610 1839 3674 per
1901 3588 2241 3671 scripturae
2295 3588 2735 3672 prophetarum

310 3686 638 3750 secundum
671 3697 1062 3774 praeceptum
1105 3691 1339 3753 aeterni
1375 3689 1504 3753 Dei
1542 3689 1633 3752 ad
1674 3688 2075 3752 obedientiam
2098 3687 2278 3771 fidei,
2327 3688 2487 3750 inter
2528 3709 2729 3750 omnes

307 3798 508 3872 yentes
550 3790 911 3873 notificatil‘
995 3791 1148 3855 Vult
1207 3791 1436 3855 dicere:
1495 3789 1673 3870 Quod
1730 3808 2023 3854 arcanum
2069 3788 2205 3871 (seu
2247 3807 2401 3871 opus
2438 3789 2725 3870 redemp-

311 3890 546 3972 tionis),
593 3891 894 3955 adhibitis
939 3892 1258 3973 scripturis
1277 3891 1679 3975 propheticiS,
1719 3892 1898 3974 juxta
1932 3891 2163 3955 aeterni
2197 3890 2311 3954 Dei
2335 3890 2722 3969 mandatum,

313 3991 614 4073 apostolis
661 3991 898 4067 datum,
943 3994 1014 4055 ut
1056 3992 1406 4057 obedientia
1447 3994 1799 4075 praestetur
1840 3992 2002 4067 fidei,
2047 3992 2211 4055 inter
2242 4008 2460 4053 omues
2503 3992 2723 4073 gentes

308 4091 697 4156 notificatum
742 4102 807 4156 et
847 4092 1273 4174 praedicatum
1329 4097 1445 4157 est.
1491 4129 1570 4139 --
1615 4093 1852 4157 Verba:
1911 4089 2014 4153 διά
2072 4097 2315 4173 γραφῶν
2353 4094 2732 4173 προφητικῶν

308 4192 584 4256 construi
626 4194 853 4258 debent
897 4213 1042 4258 cum
1086 4194 1410 4276 participio
1432 4184 1861 4275 γνωρισθὲπος
1904 4194 2064 4277 (scil.
2090 4194 2460 4277 μυστηρίου).
2527 4195 2731 4276 Apo-

312 4295 521 4358 stoli
581 4295 871 4359 videlicet
929 4294 1347 4360 adhibitis
1408 4296 1862 4380 scripturis
1904 4295 1980 4360 V.
2029 4294 2099 4359 Τ.
2146 4296 2515 4378 mysterium
2574 4295 2729 4359 illud

308 4395 742 4471 notificarunt3
785 4396 1242 4479 prophetae
1287 4397 1453 4461 enim
1496 4398 2082 4480 praedixerant
2124 4396 2406 4461 futurum
2430 4396 2726 4461 Messiam

311 4500 374 4560 et
419 4498 689 4562 salutem
747 4498 812 4561 in
871 4515 960 4576 eo,
1021 4498 1393 4579 apostoli
1449 4502 1662 4562 autem
1728 4497 2037 4564 factam
2081 4498 2728 4582 illamredemp-

305 4598 486 4665 tion
502 4618 535 4663 e
553 4618 618 4663 m
684 4600 1195 4682 praedicaverunt
1257 4598 1859 4684 (annunciaverunt),
1928 4604 1990 4667 et
2051 4600 2410 4686 prophetias
2469 4600 2563 4664 ad
2582 4599 2604 4663 i
2623 4618 2728 4663 m-
