3234 4992
203 36 216 42 ⁷·
472 33 483 44 ι
503 29 519 54 ⁷·
613 45 616 46 ⁷
667 55 672 58 ·

88 210 94 252 ἑ

1282 216 1393 269 cap.
1421 218 1497 258 ix.
1525 229 1570 259 v.
1597 221 1635 259 ι.
2538 223 2662 289 145

1244 454 1490 556 caput
1544 454 1655 535 ΙΧ.

422 604 1045 689 Argumentum.
1156 606 1497 689 Postquam
1558 626 1604 671 s.
1670 606 1987 690 apostolus
2052 606 2414 673 dolorem
2478 627 2658 675 61111111

235 708 307 773 61)
363 706 773 797 rejectionem
837 707 1031 790 partis
1088 707 1272 792 longe
1349 708 1657 774 maximae
1731 708 1964 791 populi·
2005 707 2289 788 Judaici,
2366 727 2478 771 nee
2542 727 2658 775 uun

236 807 734 891 magnitudinem
797 808 896 872 sui
961 826 998 873 a
1020 808 1273 874 moris
1358 827 1505 892 erga
1576 808 1799 873 fratres
1865 807 2138 874 Judaeos
2204 808 2662 893 significaverat

234 908 310 993 (v.
373 909 614 994 1—5.)‚
689 910 895 986 docet,
957 908 1035 973 ob
1091 909 1252 974 hanc
1313 909 1714 993 rejectionem
1776 909 2362 993 promissiones
2422 911 2658 975 divinas

237 1026 353 1073 non
396 1009 610 1075 irritas
658 1010 857 1075 factas
918 1028 1071 1089 esse,
1131 1011 1275 1093 quia
1340 1010 1674 1095 adoptio
1732 1011 1796 1075 in
1857 1009 2156 1095 populum
2202 1010 2470 1075 electum
2518 1015 2658 1075 11611

240 1110 624 1176 Testamenti
687 1113 750 1175 et
800 1110 1338 1194 Justificatio
1399 1129 1521 1176 non
1581 1114 1678 1175 est
1738 1130 1809 1175 ex
1861 1111 2000 1194 jure
2058 1110 2262 1194 aliquo
2321 1130 2658 1195 genera-

232 1210 487 1276 tionis
534 1212 909 1277 carnalis
953 1212 1053 1277 vel
1099 1229 1431 1296 operum
1475 1212 2039 1291 humanorum,
2109 1211 2217 1277 sed
2264 1219 2358 1277 est
2430 1215 2658 1275 bene-

234 1308 520 1376 ficium
619 1312 1089 1396 gratuitum
1196 1312 1369 1377 nullo
1441 1313 1580 1396 jure
1676 1312 1974 1378 debitum.
2080 1312 2430 1379 Veritatem
2498 1315 2658 1379 116116

231 1428 364 1493 pro
386 1412 522 1477 bat
569 1413 872 1497 exemplis
918 1414 1256 1479 vocationis
1301 1413 1540 1478 Isaac
1585 1415 1650 1479 et
1690 1412 1733 1479 J
1752 1413 1979 1491 acob,
2027 1414 2131 1495 qui
2174 1415 2446 1497 gratuita
2490 1415 2654 1479 elec·-

237 1511 393 1575 tione
460 1514 796 1578 constituti
861 1518 1009 1579 sunt
1072 1514 1599 1598 patriarchae
1666 1513 2140 1599 (progenitores)
2205 1515 2418 1598 populi
2478 1515 2654 1579 electi

235 1610 306 1675 V.
349 1613 419 1678 Τ.
491 1613 800 1699 (6—13.)
892 1614 1045 1680 Inde
1104 1618 1314 1679 autem
1377 1614 1671 1698 sequitur,
1723 1616 1788 1680 in
1849 1616 1978 1681 Deo
2039 1616 2279 1681 1111116111
2341 1635 2478 1679 esse
2542 1615 2654 1679 111-

229 1711 700 1794 justitiam,
761 1716 939 1799 quia,
1001 1734 1193 1798 quum
1259 1715 1340 1780 sit
1398 1715 1887 1781 liberrimus
1944 1694 2286 1800 gratiarum
2346 1719 2406 1779 et
2470 1715 2654 1779 bene-

235 1811 504 1879 ficiorum
571 1833 828 1880 suorum
889 1815 1298 1899 dispensator,
1361 1815 1664 1881 beneficia
1709 1834 1822 1882 sua
1865 1816 2143 1881 indebita
2186 1816 2542 1882 homiuibus
2586 1835 2654 1879 61

236 1932 395 1979 mera
439 1916 1026 1982 misericordia
1068 1915 1324 1995 confert,
1370 1917 1531 1999 quod
1574 1917 1938 1982 ulterius
1979 1916 2187 1983 verbis
2227 1936 2275 1982 s.
2316 1919 2658 2003 scripturae

237 2016 550 2084 confirmat
598 2017 947 2104 (14—29.)‚
1010 2018 1104 2084 uti
1163 2019 1229 2083 id
1264 2019 1398 2103 jam
1459 2018 1631 2102 prius
1678 2018 2044 2102 probaverat
2087 2019 2382 2103 exemplis
2430 2019 2654 2103 typicis

238 2116 446 2198 (Isaaci
491 2123 557 2184 et
601 2119 648 2186 J
650 2119 868 2205 acobi).

425 2219 502 2286 V.
555 2223 611 2287 1.
662 2269 700 2299 „
720 2220 1049 2285 Veritatem
1108 2221 1246 2285 dico
1302 2221 1370 2285 in
1437 2220 1707 2299 Christo,
1780 2241 1904 2284 non
1958 2220 2276 2285 ‘'acutiam“
2366 2223 2450 2287 Ut
2510 2239 2654 2303 apo-

241 2320 430 2385 stolus
478 2322 555 2388 de
605 2321 966 2387 sinceritate
1010 2326 1073 2387 et
1116 2323 1452 2388 veracitate
1519 2339 1634 2386 sua
1678 2320 2330 2387 Judaeo-christianos
2374 2323 2650 2399 lectores,

245 2420 338 2501 qui
391 2424 648 2507 propter
707 2423 1054 2488 doctrinam
1119 2423 1271 2507 ejuS,
1337 2422 1666 2489 Judaismo
1729 2423 2095 2507 oppositam,
2157 2423 2438 2489 dubitare
2482 2423 2654 2507 pute-

238 2523 385 2601 rant,
442 2524 826 2589 certissimos
888 2523 1191 2601 redderet,
1255 2524 1443 2589 istam
1487 2524 1547 2588 h.
1614 2524 1656 2588 l.
1721 2524 1989 2614 primum
2052 2524 2245 2590 modo
2295 2523 2654 2607 positiva

245 2624 301 2683 et
349 2606 496 2688 dein
557 2624 992 2708 negativo,
1056 2625 1303 2689 dicens.
1362 2642 1513 2689 non
1574 2624 1957 2702 mentior,
2007 2625 2323 2709 expressit.
2413 2623 2654 2687 Ver-aha

243 2718 314 2785 in
357 2720 706 2790 Christo
766 2725 952 2791 multi
995 2725 1364 2809 interpretes
1426 2726 1512 2789 de
1549 2744 1822 2810 Juram
1844 2730 2029 2790 ento
2089 2726 2430 2810 explicant:
2494 2731 2654 2791 teste

245 2817 492 2905 Christo,
541 2845 686 2891 seu:
733 2846 842 2909 per
886 2825 1201 2891 Christum
1243 2826 1400 2909 J'uro.
1458 2825 1597 2905 Sed,
1646 2845 1836 2909 quum
1880 2827 1980 2891 hic
2022 2845 2145 2892 non
2190 2828 2350 2891 adsit
2398 2827 2654 2891 verbum

241 2918 418 3001 ὀμνύω
463 2928 681 3012 (juro),
729 2928 1055 3012 explicatio
1120 2927 1273 2993 haec
1330 2946 1452 2993 non
1507 2931 1715 3015 potest
1774 2946 1846 2991 ex
1898 2947 2018 2992 usu
2060 2927 2341 3011 loquendi
2390 2927 2650 3011 probari.

245 3021 394 3091 Hinc
436 3029 664 3095 verba:
710 3029 786 3094 in
835 3027 1158 3094 Christo
1219 3028 1578 3112 explicanda
1640 3031 1785 3093 sunt
1846 3029 1921 3093 de
1981 3027 2410 3113 conjunctione
2474 3031 2654 3111 spiri-

241 3124 386 3191 tuali
448 3148 597 3196 cum
663 3129 932 3208 Christo,
1013 3129 1088 3194 de
1153 3129 1335 3196 viva
1399 3130 1960 3196 communione
2025 3132 2088 3194 et
2151 3129 2442 3194 unione
2510 3147 2650 3195 611111

245 3222 595 3309 01111616,
638 3232 729 3297 ita
771 3235 844 3296 ut
885 3231 1201 3314 apostolus
1245 3231 1347 3296 his
1390 3230 1594 3297 verbis
1634 3231 1722 3296 nil
1761 3231 1929 3297 aliud
1975 3231 2174 3297 dicere
2221 3231 2386 3307 velit,
2438 3251 2650 3315 qua-111:

241 3343 360 3393 rem
429 3352 645 3398 veram
719 3332 856 3397 dico
930 3336 1001 3396 ut
1074 3332 1614 3399 christianus.
1705 3332 1872 3398 Nam
1930 3332 2245 3416 apostolus
2311 3351 2418 3416 pro
2486 3339 2650 3399 certe

243 3424 438 3513 habet,
483 3433 898 3499 christianum
944 3436 1015 3498 ut
1057 3433 1294 3512 talem,
1328 3453 1519 3517 quum
1582 3435 1665 3499 sit
1711 3434 2065 3499 membrum
2110 3433 2378 3519 corporis
2426 3435 2650 3499 Christi

244 3532 497 3614 mystici,
548 3554 584 3599 a
627 3534 886 3600 veritate
929 3534 1214 3599 recedere
1257 3553 1379 3600 non
1414 3553 1614 3619 posse,
1662 3535 1799 3600 ideo
1844 3535 2051 3601 addit:
2096 3554 2248 3601 non
2292 3535 2650 3611 mentiar,

244 3626 277 3691 i·
320 3650 366 3697 6.
413 3636 650 3701 sincere
709 3636 945 3719 loquor.
1012 3671 1097 3683 —
1164 3635 1361 3714 „Una
1425 3658 1654 3700 mecum
1717 3645 1968 3700 testante
2026 3636 2390 3700 conscicntia
2442 3643 2614 3699 meas*
2634 3663 2654 3719 ,ς

242 3727 277 3792 1.
321 3751 368 3797 6.
414 3738 576 3819 quod
618 3738 683 3802 in
709 3736 1108 3820 sequentibus
1138 3737 1461 3801 veritatem
1507 3737 1664 3816 dico,
1710 3740 1939 3802 testem
1983 3737 2171 3802 simul
2215 3737 2370 3802 mihi
2418 3739 2654 3803 adduco

246 3836 674 3929 conscientiam
743 3857 967 3903 meam.
1057 3835 1622 3920 συμμαρτυρούσης,·
1689 3839 1829 3902 vide
1891 3838 2056 3903 dicta
2121 3839 2180 3918 8,
2249 3839 2341 3902 16.
2406 3875 2490 3883 -—
2530 3839 2654 3915 „In

247 3928 472 4015 Spiritu
528 3944 801 4003 sanct0.“
886 3939 1096 4004 Etiam
1153 3940 1305 4003 haec
1366 3938 1555 4005 verba
1618 3939 1900 4003 nonnulli
1966 3940 2040 4003 de
2107 3939 2378 4004 formula.
2434 3939 2646 4023 jura-

245 4040 479 4104 menti
539 4040 882 4123 explicant:
966 4041 1124 4106 teste
1191 4039 1423 4124 Spiritu
1503 4042 1732 4119 sancto,
1802 4058 1993 4124 eaque
2066 4041 2442 4105 connectunt
2506 4059 2650 4103 611111

245 4134 470 4205 verbis:
515 4159 672 4206 non
718 4141 1140 4220 mentior,
1179 4142 1289 4206 sed
1335 4141 1568 4224 absque
1630 4140 1965 4206 sufficienti
2009 4158 2228 4218 causa;
2274 4159 2418 4205 nam
2465 4139 2650 4205 rerba

246 4227 383 4301 11666
436 4241 749 4323 pertinent
793 4242 1000 4324 potius
1066 4241 1144 4307 ad
1204 4243 1391 4306 verba
1433 4237 1961 4326 συμμαρτυρούσης
2002 4238 2402 4323 συνειδήσεως,
2450 4243 2538 4307 ita
2582 4247 2654 4307 ut

249 4346 451 4405 sensus
514 4342 637 4406 sit:
711 4342 971 4407 Testem
1023 4342 1215 4407 simul
1272 4342 1430 4408 mihi
1493 4344 1730 4409 adduco
1796 4341 2237 4409 conscientiam
2308 4362 2550 4419 meatu,
2618 4359 2654 4407 a

251 4426 461 4516 Spiritu
537 4445 755 4509 sancto
838 4442 1141 4508 directam
1208 4446 1271 4507 et
1334 4443 1752 4511 informatam.
1821 4443 2074 4510 Verbisz
2134 4443 2222 4510 in
2287 4442 2329 4509 S
2354 4443 2650 4527 piritu

431 4557 799 4602 commentarius.
2370 4547 2450 4611 10
