3234 4992
1381 259 1717 310 prolegomena.
2720 262 2757 328 7
2856 293 2867 302 .

325 449 443 516 lib.
489 447 600 512 III.
648 446 708 512 3.
755 465 816 511 n.
859 445 918 510 2.
969 444 1032 510 et
1071 445 1178 511 lib.
1223 445 1338 512 III.
1384 447 1436 510 1.
1481 465 1542 512 n.
1579 445 1685 530 1.),
1734 444 1837 512 Ca
1845 444 1979 530 jus
2022 446 2367 530 presbyter,
2415 445 2600 531 (saec.
2645 445 2756 532 2.),

326 548 681 632 zephyrini,
751 546 984 612 summi
1047 545 1389 626 Pontificis,
1455 549 1823 612 coaetaneus
1884 547 2075 632 (apud
2138 547 2363 614 Euseb.
2408 547 2554 614 hist.
2602 547 2751 614 eccl.

327 651 434 717 lib.
483 649 566 715 ΙΙ.
617 668 669 714 6.
715 648 865 731 25),
915 651 977 712 61
1021 647 1603 713 Tertullianus
1649 647 1754 732 (de
1798 647 2157 733 praescript.
2204 667 2254 714 c.
2303 648 2451 734 36.).

530 749 806 814 Ecclesia
849 749 1134 814 Romana
1179 748 1259 814 ab
1305 747 1477 814 initio
1533 749 1871 814 maximam
1919 751 2158 832 partem
2203 768 2273 813 ex
2316 747 2361 814 J
2376 748 2629 814 udaeo
2680 784 2753 796 -

325 850 690 916 christianis
737 850 1096 927 constabat3
1141 848 1363 915 Petrus
1409 849 1574 914 enim
1619 868 1731 932 per
1773 849 2178 914 eminentiam
2223 849 2388 934 (coll.
2416 848 2554 916 Gal.
2578 849 2639 929 2,
2665 850 2755 933 8.)

325 954 459 1016 erat
504 951 822 1034 apostolus
865 950 1588 1029 circumcisionis,
1636 950 1675 1014 i.
1725 969 1775 1015 6.
1822 950 2221 1017 Judaeorum.
2292 950 2498 1030 Quum
2540 954 2755 1034 postea

325 1052 410 1135 (a.
457 1051 590 1136 52.)
635 1050 1033 1116 Claudius
1081 1049 1304 1116 Caesar
1327 1051 1370 1116 J
1375 1051 1603 1116 udaeos
1650 1051 1897 1118 assidue
1934 1051 2393 1118 tumultuantes
2416 1052 2754 1136 expulisset

325 1153 544 1232 Roma,
594 1153 837 1218 decreto
881 1152 1003 1217 isto
1062 1152 1253 1217 etiam
1311 1151 1355 1218 J
1371 1153 2136 1218 udaeo-christiani
2202 1153 2506 1238 emigrare
2567 1169 2752 1236 coge-

325 1253 576 1333 bantur,
625 1270 744 1336 quo
787 1252 1020 1317 factum
1065 1256 1178 1332 est,
1224 1257 1297 1319 ut
1339 1253 1651 1319 fideles
1696 1273 1767 1318 ex
1810 1253 2231 1338 gentibus,
2290 1254 2329 1319 i.
2378 1273 2431 1323 e.
2478 1253 2752 1320 ethnico-

326 1354 673 1433 christiani,
717 1356 966 1419 tantum
1009 1354 1245 1421 Romae
1288 1356 1695 1422 remanerent.
1763 1354 1970 1434 Quum
2012 1358 2154 1439 post
2198 1355 2441 1421 Claudii
2486 1355 2751 1421 mortem

329 1457 416 1540 (a.
466 1455 598 1540 54.)
656 1457 885 1521 iterum
945 1455 990 1522 J
991 1457 1204 1522 udaeis
1265 1458 1641 1540 permissum
1706 1460 1885 1535 esset,
1944 1456 2211 1522 Romam
2273 1456 2488 1536 redire,
2559 1454 2749 1520 etiam

323 1558 512 1623 multi
576 1557 1394 1638 Judaeo-christianorum,
1458 1559 1618 1624 inter
1676 1558 1789 1624 1106
1849 1556 2154 1642 Aquila
2218 1559 2281 1622 et
2346 1555 2751 1621 Priscilla

325 1657 647 1742 conjuges,
694 1657 800 1740 qui
843 1659 1014 1741 prius
1056 1658 1259 1724 Roma
1302 1659 1615 1726 discedere
1661 1659 2043 1744 cogebantur
2083 1658 2254 1743 (coll.
2284 1657 2462 1724 Rom.
2500 1657 2597 1736 16,
2636 1657 2747 1740 3.),

325 1758 729 1825 Corintho
770 1759 1038 1824 Romam
1083 1759 1307 1824 reversi
1352 1763 1514 1825 sunt.
1556 1760 1601 1827 J
1603 1779 1707 1826 am
1740 1760 1807 1825 hi
1837 1759 1881 1826 J
1884 1759 2440 1826 udam-christiani
2476 1760 2745 1839 reduces,

324 1879 404 1924 ne
430 1861 662 1947 iterum
687 1860 1057 1926 tumultibus
1087 1860 1566 1945 implicarentur,
1605 1879 1644 1926 a
1664 1861 1967 1926 consortio
2003 1861 2345 1928 infidelium
2368 1861 2411 1926 J
2414 1860 2745 1926 udaeorum

320 1962 574 2045 penitus
639 1961 1064 2040 abstinebant,
1129 1965 1314 2044 atque
1359 1962 1987 2028 ethnico-christianis
2032 1981 2097 2027 se
2141 1961 2582 2046 adjungebant,
2629 1979 2747 2043 quo

321 2062 561 2128 factum
609 2063 724 2140 est,
771 2066 842 2128 ut
885 2063 1144 2129 ecclesia
1185 2063 1470 2129 Romana
1515 2081 1584 2128 60
1631 2066 1929 2146 1611111016,
1977 2081 2094 2146 quo
2139 2063 2373 2129 Paulus
2420 2062 2745 2146 epistolam

319 2163 402 2228 ad
423 2162 738 2228 Romanos
763 2163 1015 2247 scripsit
1038 2164 1118 2249 (a.
1144 2163 1302 2248 59.),
1326 2164 1645 2248 complexa
1667 2167 1832 2230 esset
1876 2163 1920 2230 J
1936 2184 1978 2229 u
1995 2165 2035 2230 d
2054 2181 2139 2230 ae
2158 2181 2221 2230 o-
2268 2166 2331 2229 et
2375 2182 2408 2228 6
2426 2162 2513 2228 th
2530 2163 2745 2228 11160-

319 2263 714 2342 0111161161106,
784 2264 912 2343 sed,
980 2267 1051 2329 ut
1095 2284 1126 2329 e
1171 2265 1544 2348 quibusdam
1610 2266 1907 2349 epistolae
1971 2265 2121 2332 locis
2164 2265 2249 2350 (1,
2299 2265 2410 2342 13;
2480 2263 2578 2343 11,
2628 2262 2745 2341 13;

321 2365 420 2446 15,
472 2365 600 2449 15.)
646 2365 810 2432 16616
833 2367 1166 2451 colligitur,
1212 2385 1332 2432 ma
1345 2367 1470 2452 jor
1515 2370 1647 2432 erat
1670 2386 1812 2450 pars
1834 2366 2115 2433 fidelium
2141 2386 2211 2432 ex
2253 2364 2740 2451 gentilibus.

1456 2570 1511 2654 g,
1559 2571 1618 2640 2.

769 2699 1134 2782 Occasio
1187 2708 1264 2782 et
1314 2701 1786 2783 consilium
1838 2701 2292 2806 epistolae.

529 2871 707 2951 Quod
750 2871 828 2937 ad
873 2889 908 2936 o
929 2889 962 2936 c
984 2872 1395 2938 casionem
1441 2876 1505 2938 et
1549 2891 1635 2940 co
1657 2873 2005 2939 nsilium
2050 2872 2347 2956 epistolae
2390 2871 2631 2950 attinet,
2677 2868 2743 2935 in

327 2973 466 3055 ipsa
508 2973 772 3056 epistola
813 2973 1200 3056 reperiuntur
1243 2974 1561 3057 utriusque
1621 2974 1909 3058 vestigia.
1997 2973 2071 3038 In
2114 2973 2330 3038 multis
2376 2971 2543 3037 enim
2588 2971 2738 3038 locis

317 3075 408 3154 (1,
457 3073 570 3151 133
637 3073 735 3152 15,
795 3074 896 3138 23.
955 3073 1087 3159 24.)
1155 3075 1516 3141 manifestat
1583 3095 1631 3140 6.
1680 3075 1915 3140 Ρ6111116
1979 3075 2020 3140 d
2040 3093 2072 3139 6
2090 3075 2215 3141 sid
2232 3093 2265 3138 e
2286 3092 2317 3137 r
2334 3073 2495 3138 ium
2553 3090 2736 3136 suum

312 3175 582 3240 Romam
607 3174 912 3254 veniendi,
937 3178 1008 3239 ut
1030 3177 1330 3261 tanquam
1376 3176 1464 3241 do
1484 3176 1614 3242 cto
1634 3196 1665 3241 r
1706 3195 1799 3260 ge
1820 3177 1999 3241 ntiu
2019 3195 2087 3241 m
2130 3175 2319 3240 etiam
2351 3172 2739 3238 Romanis

313 3276 548 3359 aliquid
571 3275 875 3341 conferret
916 3295 959 3360 g
972 3296 1003 3340 r
1019 3295 1057 3342 a
1072 3277 1099 3342 t
1114 3277 1136 3341 i
1153 3295 1191 3342 a
1209 3297 1242 3342 e
1287 3297 1316 3342 s
1332 3278 1595 3361 piritu
1612 3277 1770 3343 alis
1816 3295 2042 3360 eosque
2064 3277 2130 3342 in
2150 3275 2272 3340 fide
2287 3275 2421 3358 jam
2445 3276 2740 3356 suscepta

312 3395 349 3441 c
366 3395 400 3442 0
415 3397 457 3442 11
475 3376 538 3441 fi
553 3395 584 3442 1
599 3376 854 3440 1116161
895 3377 982 3460 (1,
1031 3377 1176 3464 11.).
1248 3379 1322 3442 Id
1366 3381 1577 3443 autem
1623 3395 1694 3443 eo
1740 3377 2055 3442 ardentius
2126 3375 2552 3454 desiderabat,
2616 3392 2736 3459 quo

314 3479 522 3562 magis
569 3478 806 3561 sperari
849 3479 1106 3562 poterat,
1152 3478 1280 3544 fore
1325 3479 1395 3544 ut
1436 3478 1652 3562 religio
1698 3477 1930 3544 Christi
1962 3478 2029 3544 in
2061 3477 2215 3544 urbe
2248 3477 2449 3543 Roma
2478 3475 2741 3542 firmiter

314 3579 598 3659 fundata,
642 3579 880 3644 radices
919 3597 1064 3645 suas
1088 3581 1408 3647 celerrime
1431 3581 1496 3646 in
1520 3581 1725 3646 totum
1759 3581 2061 3646 terrarum
2092 3579 2307 3646 orbem
2346 3577 2730 3656 diffunderet,

313 3684 503 3762 atque
547 3679 992 3746 ethnicismum
1038 3681 1268 3746 sensim
1333 3682 1651 3748 everteret.
1739 3680 1783 3747 J
1787 3700 1891 3747 am
1955 3699 2095 3747 vero
2160 3679 2475 3763 apostolus
2540 3679 2605 3743 in
2664 3696 2737 3744 60

312 3785 461 3860 6161,
488 3781 560 3846 111
582 3781 882 3846 desiderio
909 3800 1019 3847 suo
1044 3782 1449 3862 satisfaceret,
1497 3801 1709 3866 quum,
1758 3783 1851 3849 uti
1874 3802 1946 3848 ex
1969 3782 2232 3866 epistola
2260 3780 2388 3865 (15,
2432 3779 2517 3844 23
2534 3778 2737 3862 -25.)

311 3885 509 3964 patet,
571 3880 863 3948 Corintho
905 3882 970 3946 H
982 3883 1003 3946 i
1023 3902 1055 3947 6
1071 3901 1102 3947 1
1119 3901 1154 3948 0
1171 3902 1202 3948 6
1217 3901 1250 3948 0
1269 3883 1292 3947 l
1311 3903 1350 3968 y
1367 3902 1432 3948 m
1449 3902 1486 3949 a
1503 3903 1568 3950 m
1585 3933 1599 3962 ‚
1674 3884 1817 3949 inde
1860 3902 2001 3950 vero
2044 3883 2101 3950 R
2120 3902 2154 3948 o
2174 3901 2239 3946 m
2264 3901 2299 3947 a
2320 3901 2384 3946 m
2427 3879 2732 3965 proficisci

315 3983 436 4049 sibi
479 3983 862 4066 proponeret.
952 3984 1170 4050 Voluit
1212 3985 1422 4068 itaque
1468 3987 1783 4069 apostolus
1826 3986 1945 4051 hac
1990 3985 2255 4069 epistola
2297 3983 2609 4048 Romanos
2656 3980 2735 4044 ad

311 4103 496 4150 suum
541 4085 976 4151 adventum
1021 4090 1206 4170 atque
1251 4087 1330 4151 ad
1374 4105 1554 4152 suam
1597 4088 1764 4152 inter
1787 4106 1891 4153 606
1925 4086 2469 4153 activitatem
2512 4099 2735 4166 prae·-

307 4205 350 4270 p
369 4204 449 4251 ar
468 4205 508 4251 a
522 4204 554 4251 r
569 4206 620 4252 6.
711 4185 918 4266 Quum
986 4207 1055 4252 eo
1097 4191 1379 4272 tempore
1422 4187 1474 4252 P
1492 4187 1534 4254 h
1551 4207 1585 4254 0
1604 4209 1636 4253 6
1656 4189 1693 4255 b
1711 4209 1745 4254 e
1760 4239 1776 4270 ,
1846 4187 2190 4255 diaconissa
2232 4183 2527 4252 ecclesiae
2575 4181 2734 4247 Cen-

315 4288 652 4368 chreensis,
698 4289 962 4355 Romam
1006 4290 1360 4374 profectura
1381 4294 1563 4370 esset,
1609 4310 1760 4358 usus
1785 4293 1883 4357 est
1907 4291 2223 4375 apostolus
2246 4288 2363 4352 hac
2385 4283 2731 4364 occasione,

312 4407 510 4472 quum
554 4389 612 4454 ei
657 4392 983 4474 epistolam
1025 4395 1299 4459 nostram
1319 4441 1334 4472 ,
1401 4392 1467 4458 in
1512 4411 1635 4476 qua
1687 4393 1719 4458 f
1726 4412 1824 4458 un
1844 4393 1883 4459 d
1899 4412 1935 4459 a
1950 4411 2016 4458 m
2035 4411 2067 4457 6
2082 4394 2165 4457 111
2186 4391 2259 4457 61
2278 4409 2310 4456 6
2326 4409 2355 4456 6
2420 4384 2733 4472 religionis

313 4491 687 4559 christianae
734 4493 1076 4576 doctrinas,
1145 4512 1258 4560 nec
1302 4513 1424 4561 11011
1467 4495 1832 4561 relationem
1896 4495 1941 4561 J
1961 4514 2001 4560 u
2020 4494 2195 4560 dais
2216 4494 2318 4559 mi
2360 4497 2423 4560 et
2466 4494 2739 4559 ethni-
