3234 4992
1259 250 1369 306 Oq).
1396 251 1472 293 11.
1498 262 1543 292 v.
1571 249 1688 292 5-6.
2568 248 2684 313 135

262 440 538 505 tionis
584 438 704 524 (of.
753 438 913 504 Phil.
961 438 1020 517 2,
1071 438 1216 523 lO.).
1265 475 1346 485 -
1389 438 1617 503 Textus
1682 438 1965 521 receptus
2026 434 2182 519 legit
2236 437 2312 517 τῇ
2356 429 2564 505 Brit-22:
2624 433 2684 497 iu

263 542 548 607 versione
593 539 1001 625 Septuaginta
1045 542 1257 605 autem
1302 536 1482 603 Βάαλ
1526 557 1690 604 nunc
1736 558 1875 604 cum
1923 538 2179 604 articulo
2228 537 2684 613 masculini,

263 661 434 707 nunc
485 641 866 710 feminini
911 642 1156 724 generis
1201 642 1445 725 legitur,
1493 641 1657 724 quia,
1702 641 1795 705 uti
1843 639 2025 704 multi
2070 641 2312 722 putant,
2360 641 2512 701 Eua]
2560 641 2688 701 erat

264 744 420 809 deus
503 744 1065 825 androgynus,
1148 740 1610 826 (utriusque
1671 742 1924 829 sexus).
2036 741 2292 805 Prorsus
2380 741 2688 805 arbitraris

264 846 491 910 statuit
550 845 869 924 Iustius,
929 849 1006 926 τῇ
1063 843 1245 906 Βοὲαλ
1303 845 1571 928 positum
1634 864 1763 910 esse
1822 861 1965 927 prot
2025 845 2101 925 τῇ
2155 849 2260 905 ‘cufi
2304 841 2512 917 315qu
2560 841 2684 905 scil.

264 944 444 1010 εἰκόνι
491 948 828 1033 (imagini),
876 948 982 1013 aut
1024 946 1207 1029 στήλῃ
1251 947 1564 1032 (statuae).
1610 983 1697 995 —
1737 946 1939 1010 Versu
1985 945 2264 1027 sequenti
2312 965 2400 1025 ap
2424 945 2688 1025 pliuat

265 1051 623 1133 exemplum
670 1050 839 1132 prius
883 1051 1285 1134 propositum.

479 1151 555 1216 V.
617 1151 673 1216 5.
737 1150 888 1230 „Sic
947 1151 1138 1236 iyimr
1194 1152 1376 1215 etiam
1449 1174 1609 1214 nunc
1674 1149 1958 1235 temporis
2017 1146 2312 1234 reliqu-ine
2372 1145 2692 1209 secuudum

271 1252 617 1317 electionem
660 1254 901 1338 qratiae
927 1252 1151 1339 factae
1193 1258 1406 1334 sant;“
1449 1254 1488 1319 i.
1537 1272 1588 1317 e.
1637 1251 1797 1316 sicut
1838 1251 2041 1316 aetate
2085 1250 2256 1314 Eliae
2312 1269 2432 1313 nun
2480 1269 2692 1313 omues

267 1354 587 1419 Israelitae
648 1374 685 1419 a
742 1353 785 1419 J
790 1354 983 1419 ehova
1041 1355 1422 1433 defecerant,
1491 1355 1599 1418 sed
1660 1352 1861 1417 adhuc
1920 1351 2196 1416 nonnulli
2264 1353 2692 1417 remanserunt

268 1456 538 1521 cultores
602 1455 756 1539 ejus,
817 1456 909 1519 ita
967 1475 1225 1540 quoque,
1289 1474 1497 1521 nunc
1555 1453 1991 1538 temporie,
2051 1453 2316 1541 exclusis
2380 1469 2416 1517 a
2468 1453 2692 1533 pupulo

268 1556 391 1621 Dei
435 1556 513 1622 N.
564 1556 632 1621 Τ.
683 1560 746 1622 et
789 1576 826 1622 a
868 1557 1048 1622 bonis
1109 1558 1164 1622 ei
1218 1558 1565 1641 promissi8‚
1626 1554 1927 1620 Israelitis
1985 1553 2316 1637 plerisque.
2376 1553 2689 1617 residuum

269 1658 523 1740 aliquod
585 1658 704 1723 fuit
765 1658 1171 1738 Judaeorum‚
1232 1660 1334 1742 qui
1396 1660 1581 1724 fidem
1643 1656 2061 1740 susceperunt,
2124 1676 2232 1739 per
2276 1673 2460 1737 quam
2508 1653 2692 1737 adop-

270 1760 390 1824 tati
450 1763 596 1824 sunt
657 1761 734 1824 ad
793 1761 1094 1844 populum
1151 1761 1268 1826 Dei
1311 1760 1384 1825 N.
1434 1761 1502 1824 Τ.
1561 1759 1625 1823 et
1684 1758 2015 1842 participes
2075 1757 2220 1822 facti
2284 1757 2580 1821 bonorum
2640 1757 2696 1817 ei

270 1861 738 1944 promissorum.
798 1899 884 1911 —
943 1863 1016 1927 In
1083 1862 1323 1927 verbis:
1381 1860 1502 1924 κατ’
1549 1860 1784 1942 ἐκλογήν
1842 1856 2085 1943 χάριτος
2139 1877 2252 1925 vous.r
2296 1857 2532 1941 χάριτας
2576 1877 2696 1921 uun

270 1964 368 2027 est
410 1963 723 2047 genitivus
770 1964 1078 2048 objecti
1123 1964 1366 2048 (electio
1403 1966 1489 2043 ‚ad
1535 1964 1961 2048 gratiam),
2026 1964 2153 2041 sed,
2216 1961 2420 2045 prouti
2484 1961 2696 2025 statim

271 2064 598 2146 sequentia
642 2065 882 2145 docent,
931 2066 1026 2130 est
1068 2066 1377 2150 genitivus
1425 2067 1816 2149 subjecti,
1879 2067 1969 2131 ita
2028 2068 2098 2129 ut
2159 2084 2372 2129 seusus
2420 2065 2536 2125 sit:
2604 2081 2696 2125 se-

271 2166 547 2230 cundum
575 2167 936 2231 electionem
977 2167 1466 2251 gratuitam,
1515 2183 1623 2233 seu
1661 2168 1996 2233 secundum
2024 2165 2412 2241 electiuuum,
2464 2181 2612 2245 qua
2636 2181 2696 2225 m

261 2267 304 2331 .f
316 2268 487 2331 ecit
537 2270 846 2351 gratia,
895 2288 1050 2352 quae
1095 2270 1372 2354 (electio)
1420 2270 1629 2353 itaque
1670 2288 1793 2333 non
1838 2272 1933 2333 est
1974 2268 2304 2332 tribuenda
2348 2265 2696 2349 cujuspiam

271 2369 671 2451 operibus
717 2371 1014 2452 tanquam
1058 2372 1416 2447 meritis3
1463 2390 1607 2436 nam
1656 2371 1873 2436 electio
1909 2370 1987 2435 ad
2011 2387 2232 2434 novam
2280 2365 2696 2429 ueuunumiau]

271 2470 631 2553 (ecclesiam
675 2471 754 2535 N.
804 2472 906 2554 Τ.)
971 2475 1034 2535 et
1101 2473 1179 2536 ad
1244 2472 1407 2536 bona
1471 2473 1536 2536 in
1602 2491 1675 2536 ea
1742 2472 2048 2554 promissa
2093 2472 2185 2533 est
2228 2465 2696 2549 gratuitum

273 2573 745 2654 supernaturale
805 2572 1306 2638 beneficium
1353 2574 1518 2637 Dei.
1587 2610 1661 2620 —-
1724 2573 1815 2636 De
1883 2590 2028 2636 voce
2091 2569 2292 2653 ἐκλογή
2356 2569 2432 2633 uf.
2492 2569 2548 2633 9,
2600 2569 2696 2629 11.

269 2672 628 2755 Vulgata
671 2691 852 2739 voces
897 2675 1109 2756 λεῖμμα
1151 2677 1374 2756 γέγονεν
1421 2676 1604 2740 vertit
1648 2694 1790 2758 per:
1837 2673 2132 2756 reliquiae
2180 2673 2456 2737 salvae
2500 2669 2700 2733 factae

276 2776 458 2851 sunt;
504 2792 658 2856 quae
681 2775 878 2839 versio
915 2795 1035 2840 non
1071 2777 1162 2840 est
1185 2777 1443 2841 adversa
1468 2776 1735 2859 apostoli
1781 2776 1996 2855 menti,
2046 2774 2155 2838 sed
2204 2773 2372 2837 roei:
2424 2773 2700 2833 saluae

274 2875 529 2939 nullum
599 2876 969 2941 vocabulum
1028 2877 1090 2940 in
1146 2880 1318 2941 textu
1377 2895 1596 2961 graeco
1664 2878 2009 2960 respondet.
2077 2909 2161 2921 —
2220 2873 2508 2937 Cetei-uu]
2556 2873 2705 2933 dicit

274 2978 590 3061 apostolus
614 2978 680 3041 in
703 2979 1221 3044 accommodando
1248 2980 1525 3063 exemplo
1561 2979 1794 3059 λεῖμμα,
1825 2978 1967 3059 quia
1999 2977 2063 3040 in
2088 2977 2396 3059 proposito
2424 2973 2700 3053 exemplu

275 3080 360 3163 (v.
407 3078 498 3164 5.)
545 3079 781 3144 dictum
827 3085 959 3145 erat
1001 3082 1322 3142 κατέλιπον.

485 3181 560 3246 V.
608 3182 667 3248 6.
713 3180 834 3260 „Si
889 3191 1094 3246 autem*
1144 3183 1374 3268 qratia,
1428 3203 1550 3245 non
1604 3179 1873 3265 amplius
1924 3200 1999 3242 ecc
2055 3177 2332 3264 operibus
2348 3201 2372 3257 ς
2428 3177 2705 3261 alioquin

271 3282 485 3367 qratia
526 3304 648 3345 non
691 3282 959 3369 amplius
1001 3294 1086 3347 est
1125 3285 1398 3369 9ratia.“
1481 3284 1568 3348 Ut
1629 3281 1971 3347 doctrinam
2035 3280 2564 3344 fundamentalem
2628 3277 2700 3341 de

274 3384 548 3449 hominis
602 3384 1051 3467 justificatione
1118 3406 1189 3450 ex
1251 3387 1427 3451 sola
1484 3384 1762 3469 gratia
1821 3382 2128 3465 imprimis
2186 3381 2540 3457 insufflaret,
2608 3397 2705 3441 eu-

273 3486 472 3569 plicat
539 3486 601 3550 id
669 3487 784 3551 hoc
853 3506 1054 3565 verm,
1127 3488 1272 3551 data
1337 3488 1583 3552 notione
1656 3485 2005 3569 gratiae.
2080 3522 2137 3528 ---
2224 3485 2296 3545 In
2340 3481 2576 3545 uerbis:
2640 3481 2705 3545 si

275 3589 554 3651 autem
620 3588 935 3669 gratia,
1003 3604 1118 3652 vox
1184 3588 1459 3671 gratia
1525 3592 1619 3652 est
1681 3604 1859 3651 casus
1918 3584 2308 3661 ablatirn
2380 3585 2709 3665 respondet

276 3688 450 3752 enim
519 3706 738 3771 graeco
803 3686 1017 3773 χάριτι.
1065 3728 1130 3735 --
1200 3688 1409 3755 Oratio
1468 3694 1560 3756 est
1621 3688 2041 3771 elliptica‚
2110 3688 2292 3769 atque
2360 3705 2432 3749 eu
2500 3685 2705 3749 verbis

277 3781 677 3872 antegressae
741 3792 1086 3856 sententiae
1146 3792 1558 3876 supplendum
1617 3793 1715 3855 est
1775 3793 1985 3870 λεῖμμα
2038 3790 2300 3871 γέγονεψς
2360 3793 2420 3849 et
2488 3805 2705 3849 seusus

277 3892 415 3955 est:
464 3890 530 3955 Si
574 3895 785 3956 autem
843 3894 1162 3976 gratiae
1221 3892 1641 3957 beneficio
1703 3893 1911 3974 aliqua
1970 3909 2115 3974 pars
2173 3889 2540 3973 (residuum)
2588 3889 2705 3949 Ju-

278 3990 597 4070 daeorum‚
645 3994 960 4076 plerisque
1023 3995 1161 4059 aliis
1222 3992 1535 4078 (Judaeis)
1596 4012 1634 4057 a
1693 3994 1919 4075 populo
1964 3992 2080 4055 Dei
2150 3993 2208 4054 et
2264 3989 2705 4073 justificatione

277 4092 574 4171 exclusiS,
619 4094 806 4159 istius
855 4096 1206 4177 adoptionis
1264 4095 1329 4158 in
1383 4095 1682 4177 populum
1729 4094 1845 4158 Dei
1890 4095 1953 4157 et
1994 4093 2292 4157 bonorum
2340 4093 2396 4153 ei
2440 4089 2709 4173 pruinis-

275 4211 489 4259 sorum
536 4195 845 4279 particeps
891 4196 1056 4260 facta
1101 4198 1215 4275 est,
1267 4197 1685 4277 consequitur,
1750 4196 1891 4260 illos
1938 4192 2232 4259 beneficia
2288 4193 2440 4257 haec
2508 4193 2709 4253 uulla-

278 4298 466 4359 tenus
492 4315 562 4359 ex
586 4296 791 4379 aliquo
815 4316 1068 4380 operum
1094 4299 1315 4362 merito
1356 4296 1785 4380 participasse.
1830 4334 1903 4341 «-
1947 4295 2130 4373 Nam,
2170 4293 2279 4357 uhi
2304 4293 2709 4369 meritum.

279 4414 426 4479 ergo
471 4396 826 4480 legitimum
889 4399 1188 4465 mercedis
1226 4400 1361 4484 jus
1409 4400 1602 4478 adest,
1663 4398 1752 4462 ibi
1796 4398 2122 4480 gratiae
2166 4398 2336 4461 lucus
2392 4397 2524 4477 jani
2588 4413 2709 4457 uun

278 4518 415 4565 esse
459 4501 699 4588 potest3
763 4500 928 4588 quia,
991 4499 1085 4564 uti
1147 4500 1234 4571 ait
1275 4519 1322 4570 S.
1375 4499 1941 4588 Augustin11S‚
1993 4498 2212 4582 gratia,
2276 4497 2392 4561 uiui
2436 4497 2713 4581 gratis
