3234 4992
1290 252 1401 313 0⁸1>-
1428 253 1507 298 ιι.
1527 266 1572 299 v.
1599 256 1769 300 u-as.
2601 259 2725 327 165

280 438 374 524 (v,
420 438 558 524 24.)
601 439 1002 523 explicat,
1065 458 1369 525 quaenam
1428 442 1554 509 sint
1607 461 1807 510 vasa
1867 442 2539 524 misericordiae,
2584 443 2716 511 scil.

279 558 510 605 omnes
569 539 1064 622 christiani,
1131 561 1285 626 quos
1345 543 1516 610 Deus
1579 562 1703 610 non
1770 545 1973 611 solum
2034 564 2107 609 ex
2163 544 2549 625 Judaeis,
2611 546 2721 611 sed

281 642 485 707 etiam
533 661 604 707 ex
647 643 1133 726 gentilibus
1179 646 1442 724 vocavit,
1489 645 1641 712 dum
1685 646 1869 711 dicit:

500 742 576 807 V.
624 744 728 809 24.
772 743 988 824 „Quos
1029 745 1213 811 etiam
1253 746 1512 826 vocavit,
1553 770 1677 811 non
1718 746 1913 812 solum
1955 766 2033 811 σω
2061 746 2348 827 Judaais,
2390 746 2498 811 secl
2538 747 2722 812 etiam

281 864 364 908 ex
403 842 741 930 yentibus.“
791 882 860 893 —-
912 846 1019 919 mic,-
1061 846 1295 913 dictum
1344 849 1442 915 est
1482 868 1594 933 per
1652 848 2089 914 attractionem
2132 848 2513 932 insequentis
2558 848 2718 931 ἡμας

279 963 396 1029 pro
461 945 507 1008 α’
569 948 728 1028 (scil.
787 946 1027 1032 σκεύη),
1088 950 1234 1033 quia
1287 950 1552 1015 refertur
1610 951 1692 1016 ad
1750 967 2183 1035 praegressum
2258 945 2435 1031 σκεύη
2454 999 2470 1030 ,
2525 952 2589 1014 et
2628 950 2721 1015 ita

278 1049 501 1138 potest
543 1050 800 1115 resolvi:
858 1048 1030 1113 ἅτινα
1083 1055 1252 1132 ἐσμεν
1293 1050 1476 1134 ἡμεῖς,
1522 1052 1627 1123 οὖς
1670 1098 1683 1112 .
1730 1072 1787 1128 .,·
1842 1058 1939 1113 καὶ
1995 1051 2265 1135 pertinet
2321 1051 2399 1115 ad
2456 1051 2719 1116 verbum

281 1146 594 1212 sudhem
663 1154 1057 1237 praeparavit
1113 1155 1192 1235 et·
1236 1155 1482 1220 etiam
1541 1154 1801 1234 vocavit,
1862 1153 1995 1219 scil.
2060 1152 2139 1217 ad
2202 1151 2453 1218 fidem
2518 1152 2717 1216 chri-

279 1250 681 1331 stianam3
725 1254 929 1337 ipsam
975 1256 1143 1321 enim
1179 1256 1687 1340 justificationem
1734 1258 1798 1321 et
1851 1255 2115 1339 gloriam
2179 1257 2495 1319 aeternam
2539 1270 2716 1337 prae-

278 1352 484 1417 cessit
527 1354 803 1437 gratuita
847 1356 927 1420 ad
969 1356 1158 1422 fidem
1205 1358 1610 1424 christianam
1656 1357 2001 1423 vocatio.

498 1453 573 1519 V.
618 1455 719 1519 25.
769 1454 988 1535 „Sicut
1017 1459 1201 1523 etiam
1221 1459 1287 1523 in
1311 1459 1518 1523 Hosea
1550 1458 1704 1523 dicit
1718 1482 1739 1522 .·
1776 1457 2015 1523 Vocabo
2036 1478 2158 1521 non
2183 1455 2484 1544 populeum
2503 1476 2718 1535 meum,

273 1554 582 1643 populum
623 1578 860 1639 mewm;
901 1568 958 1623 et
997 1582 1120 1625 non
1161 1560 1469 1641 dilectam,
1529 1559 1879 1625 ddectamf‘
1962 1560 2170 1639 Quum
2230 1558 2402 1643 prius
2458 1558 2540 1641 (V.
2588 1556 2717 1641 24.)

280 1659 613 1741 apostolus
657 1660 938 1739 dixisset,
992 1661 1271 1729 «Iudaeos
1331 1663 1394 1727 et
1448 1662 1719 1747 gentiles
1777 1680 1914 1725 esse
1971 1664 2220 1726 vocatos
2277 1659 2355 1725 ad
2414 1660 2716 1743 populum

278 1760 405 1824 Dei
453 1760 532 1824 N.
581 1761 650 1825 Τ.
714 1780 826 1827 seu
887 1763 965 1827 ad
1025 1763 1214 1829 fidem
1276 1764 1710 1839 christianam,
1774 1782 1883 1847 per
1945 1781 2130 1847 quam
2190 1764 2287 1827 est
2346 1760 2593 1845 adoptio
2638 1760 2717 1825 ad

281 1862 592 1947 populum
641 1864 758 1929 Dei
802 1863 904 1929 N..
928 1866 998 1929 Τ.
1046 1869 1109 1930 et
1167 1865 1246 1930 ad
1288 1865 1453 1931 bona
1509 1866 1565 1931 ei
1627 1865 1948 1949 promissa,
2011 1882 2196 1941 nunc,
2258 1862 2401 1946 quia
2464 1862 2538 1927 de
2582 1861 2627 1928 J
2643 1881 2714 1927 u-

283 1962 669 2031 daeorum
713 1966 1034 2032 vocatione
1074 1968 1321 2032 nullum
1346 1968 1478 2033 erat
1499 1968 1779 2046 dubium,
1826 1986 1898 2031 ex
1940 1965 2016 2029 V.
2044 1966 2113 2029 T.
2140 1964 2340 2048 prob
2364 1967 2475 2042 at,
2523 1963 2713 2027 etiam

279 2065 662 2147 gentiles
724 2068 972 2133 vocatos
1033 2086 1171 2134 esse
1227 2068 1308 2133 ad
1366 2068 1763 2152 adoptionem
1817 2067 1882 2132 in
1945 2066 2240 2150 populum
2286 2065 2365 2129 N.
2412 2065 2481 2129 Τ.
2531 2064 2595 2128 et
2636 2064 2716 2129 ad

278 2166 450 2230 bona
494 2167 551 2230 ei
594 2168 943 2251 promissa3
986 2170 1052 2235 in
1097 2187 1280 2251 quem
1328 2167 1514 2233 finem
1561 2169 1680 2233 duo
1738 2168 2067 2233 Hoseae
2124 2167 2279 2247 loca,
2346 2183 2469 2232 non
2532 2165 2713 2248 plane

277 2266 511 2331 iisdem
554 2269 840 2334 verbis
886 2272 948 2333 et
992 2270 1208 2335 eodem
1253 2269 1576 2349 ordine,
1625 2270 1734 2335 sed
1780 2269 1951 2335 salvo
1996 2286 2252 2333 sensu
2295 2266 2491 2346 affert,
2558 2283 2714 2348 quae

278 2366 348 2433 in
393 2386 589 2433 unum
639 2370 978 2455 conjungit.
1069 2372 1122 2436 P
1143 2371 1306 2436 rius
1351 2370 1740 2449 vaticinium,
1799 2370 1961 2454 quod
2020 2369 2120 2434 hic
2178 2387 2359 2434 versu
2413 2366 2514 2433 25.
2562 2366 2713 2431 reci-

279 2469 473 2547 tatur,
521 2474 842 2555 sumptum
889 2462 1250 2538 ex'Hoseae
1292 2473 1354 2552 2,
1400 2472 1501 2537 23.
1547 2472 1669 2537 24:
1728 2473 1997 2538 alteru
2020 2490 2083 2537 m
2131 2488 2292 2548 vero,
2353 2468 2517 2553 quod
2559 2469 2713 2535 alle-

278 2574 470 2655 gatur
537 2591 588 2635 r.
635 2572 763 2651 26„
833 2574 1268 2657 depromptum
1333 2577 1430 2639 cst
1495 2593 1566 2638 ex
1629 2574 1873 2639 Hoseac
1940 2574 1997 2653 1,
2068 2573 2165 2638 10.
2212 2608 2297 2619 —
2360 2570 2527 2637 Usus
2588 2568 2712 2634 huc

281 2672 702 2756 allegatorum
749 2674 1020 2739 locorum
1066 2674 1564 2759 propheticorum
1609 2674 1898 2740 innititur
1939 2673 2212 2757 typico
2253 2672 2355 2738 vel
2400 2690 2429 2736 s
2445 2690 2486 2755 y
2505 2670 2627 2736 mb
2646 2687 2713 2734 o-

281 2772 400 2837 lic
417 2790 451 2837 o
476 2775 977 2857 repraesentandi
999 2776 1203 2855 modo,
1251 2792 1370 2859 quo
1395 2794 1692 2859 personae
1726 2778 1789 2842 et
1821 2777 2077 2841 eventus
2101 2772 2385 2839 historici
2410 2774 2710 2854 tanquam

278 2874 467 2957 typi
511 2875 612 2939 vel
656 2876 1037 2961 symbola
1094 2876 1440 2943 futurorum
1511 2876 1616 2963 (N.
1666 2876 1766 2962 Τ.)
1829 2875 2307 2941 considerantur.
2396 2872 2712 2955 Propheta

283 2976 420 3041 scil.
491 2977 735 3043 Hoseas
800 2978 865 3043 in
897 3025 904 3029 -
940 2979 1182 3044 actione
1261 2978 1606 3063 symbolica
1676 2976 2101 3061 repraesentat
2172 2974 2708 3058 rejectionem

277 3077 710 3144 Israelitarum
777 3079 1017 3164 (decem
1083 3080 1408 3165 tribuum),
1481 3083 1699 3163 utpote
1764 3077 2231 3143 idololatrarum
2300 3079 2364 3139 et
2424 3074 2710 3139 crimino-

277 3197 514 3258 sorum,
587 3183 649 3245 et
716 3181 857 3246 dein
923 3182 1404 3265 subsequentem
1463 3181 1581 3247 Dei
1645 3198 1788 3246 cum
1846 3176 2148 3243 Israelitis
2207 3175 2565 3242 reditum
2628 3176 2709 3241 in

273 3280 643 3364 gratiam
704 3282 784 3347 ob
843 3283 1343 3367 resipiscentiam
1415 3300 1646 3347 eorum.
1715 3318 1785 3327 —-
1852 3278 1923 3342 οὗ
1978 3276 2128 3349 λαός
2182 3281 2301 3359 μοῦ
2360 3276 2708 3361 (hebraice:

273 3382 687 3467 lo-ammi)
734 3386 797 3448 et
860 3382 964 3445 οὐκ
1021 3382 1362 3465 ἠγαπημένη
1423 3382 1765 3467 (hebraicez
1828 3381 2351 3447 lo-ruchama
2394 3404 2476 3441 =
2519 3378 2561 3461 ἤ
2602 3378 2709 3443 οὐκ

277 3484 570 3565 ἐλεημένη,
615 3471 773 3549 non
819 3484 1319 3568 miseranda)
1365 3485 1513 3548 sunt
1555 3482 1809 3547 nomina
1852 3480 2195 3566 symbolica
2215 3481 2459 3547 Hoseae
2504 3481 2707 3547 filio

274 3589 341 3650 et
386 3585 667 3663 filiae,
694 3585 994 3651 divinitus
1015 3585 1330 3669 imposita,
1371 3585 1475 3668 qui
1495 3584 1959 3668 repraesentant
1999 3583 2396 3666 populum
2432 3583 2708 3649 Israel

276 3685 521 3770 (decem
567 3685 798 3770 tribus)
845 3686 1096 3770 eJusque
1159 3687 1238 3752 ad
1283 3685 1490 3751 Deum
1550 3686 1932 3752 relationem.
2023 3685 2335 3770 Propheta
2378 3685 2516 3750 vult
2559 3702 2704 3769 ergo

273 3807 315 3872 p
337 3805 420 3852 ro
440 3788 621 3869 prie
668 3787 882 3869 (sensu
935 3787 1188 3873 literali)
1248 3786 1481 3852 dicere:
1541 3786 1865 3853 Israelitae
1930 3786 2194 3870 (subditi
2254 3786 2429 3871 regni
2489 3786 2705 3851 decem

273 3887 584 3974 tribuum)
631 3889 990 3955 idololatrae
1026 3889 1088 3953 et
1118 3889 1453 3968 criminosi,
1501 3906 1625 3954 non
1670 3890 1939 3973 amplius
1984 3908 2022 3954 a
2064 3890 2196 3954 Deo
2240 3888 2550 3953 habentur
2593 3904 2703 3971 pro

267 3990 576 4074 ‚peculiari
639 3990 772 4073 ejus
839 3992 1086 4074 populo,
1154 3994 1218 4055 et
1281 3992 1488 4074 gravis
1557 3991 1681 4055 illis
1748 3990 2039 4055 imminet
2103 3989 2391 4065 afflicti03
2462 3992 2577 4066 ast,
2646 3988 2702 4052 si

271 4093 505 4157 iterum
564 4092 645 4183 ad
700 4092 744 4157 J
749 4093 1007 4157 ehovam
1068 4111 1132 4157 se
1195 4092 1630 4172 converterint,
1688 4093 1915 4158 iterum
1972 4111 2081 4176 pro
2139 4091 2367 4175 populo
2430 4108 2543 4155 suo
2601 4106 2705 4154 eos

277 4192 562 4271 habebit,
619 4211 764 4258 cura
823 4197 886 4258 et
945 4211 1153 4261 amore
1210 4211 1319 4258 suo
1378 4211 1482 4260 eos
1542 4194 1957 4277 prosequetur.
2063 4192 2377 4277 Propheta
2434 4209 2578 4275 ergo
2640 4191 2705 4256 in

276 4296 397 4360 hoc
444 4294 582 4359 loco
620 4295 833 4378 propie
867 4294 1084 4379 (sensu
1128 4296 1383 4380 literali)
1426 4314 1579 4361 non
1624 4296 1896 4380 loquitur
1929 4296 2004 4359 de
2048 4294 2547 4379 gentilibUS,
2596 4293 2706 4358 sed

273 4396 349 4461 de
393 4394 853 4462 Israel-itis
945 4396 1087 4476 Ast,
1136 4398 1296 4481 quod
1341 4398 1644 4483 propheta
1688 4398 1761 4462 de
1804 4396 2239 4462 Israelitis
2284 4396 2387 4480 (de
2433 4395 2703 4461 subditis

273 4498 453 4588 regni
518 4498 735 4569 decem
799 4498 1108 4591 tribuum)
1167 4500 1511 4571 idololatris
1571 4500 1827 4581 dixerat,
1890 4518 1939 4565 s.
2004 4499 2339 4588 apostolus,
2401 4517 2594 4585 quum
2636 4496 2706 4562 hi
