3234 4992
1285 202 1398 257 0⁸1).
1423 206 1521 249 XV.
1543 214 1592 247 V.
1619 206 1737 248 1-2.
2598 209 2723 276 231

262 386 345 452 ad
397 387 604 451 finem
659 391 964 472 epistolae
1007 391 1133 473 (16,
1181 390 1310 474 25.)
1373 392 1624 475 legitur,
1685 394 1747 456 et
1806 392 2055 475 quidem
2101 393 2343 458 rectius,
2433 392 2600 458 Nam
2646 395 2724 458 ad

260 489 462 554 finem
511 508 565 555 c.
625 493 732 557 16.
794 492 1021 576 legitur
1084 493 1148 556 in
1217 493 1522 575 plerisque
1589 494 1906 558 codicibus
1970 494 2227 576 graeciS,
2295 512 2408 559 nec
2473 511 2595 558 non
2658 494 2724 559 in

259 593 562 656 versione
615 592 972 677 Syriaca
1014 598 1078 659 et
1120 595 1284 677 apud
1329 612 1542 660 omnes
1584 596 1806 659 Patres
1850 595 2098 660 latinos,

1295 896 1538 998 caput
1589 897 1731 978 XV.

470 1100 1110 1183 Argumentum.
1197 1102 1268 1167 In
1326 1102 1528 1184 prima
1587 1102 1810 1185 capitis
1865 1100 2049 1184 hujus
2091 1103 2269 1183 parte
2328 1100 2531 1182 pergit
2573 1118 2718 1183 apo-

257 1200 472 1264 stolus
524 1220 856 1265 monere
898 1202 1112 1266 firmos
1156 1203 1295 1281 fide,
1339 1207 1412 1267 ut
1456 1203 1841 1268 infirmorum
1889 1202 2353 1267 imbecillitates
2398 1199 2717 1266 Christi

257 1302 562 1383 exemplo
613 1303 927 1385 patienter
969 1303 1171 1367 ferant
1194 1302 1273 1388 (v.
1305 1305 1548 1382 1—4.)·;
1593 1305 1876 1369 hortatur
1918 1303 2059 1367 dein
2080 1305 2393 1384 utrosque,
2440 1301 2716 1365 ethnico-

257 1403 662 1468 christianos
687 1410 750 1469 et
773 1405 1438 1483 ,Iudaeo-christianos,
1488 1406 2122 1471 adconcordiam
2167 1409 2231 1468 et
2273 1404 2714 1468 fraternam

257 1504 835 1583 charitatem3
897 1507 1040 1571 dein
1098 1508 1200 1590 pia
1257 1509 1849 1591 apprecatione
1905 1507 2310 1590 posteriorem
2366 1506 2526 1570 hanc
2583 1505 2715 1587 epi-

256 1607 462 1672 stolae
539 1626 700 1672 suae
763 1612 1008 1690 partem
1071 1610 1306 1673 claudit
1373 1609 1654 1693 (5-13.)
1726 1645 1801 1657 --
1871 1611 1944 1674 In
2010 1608 2350 1693 epilogo
2416 1605 2713 1689 epistolae

257 1708 612 1793 (14—33.)
659 1710 1006 1774 excusat
1049 1730 1136 1789 se,
1177 1711 1340 1793 quod
1383 1711 1681 1776 Romanis
1727 1711 2059 1796 scripserit,
2125 1713 2311 1791 atque
2357 1708 2526 1786 dicit,
2573 1706 2711 1772 offi-

261 1809 438 1873 cium
489 1812 778 1875 muneris
823 1811 1148 1894 apostolici
1195 1814 1272 1877 ab
1317 1814 1450 1896 ipso
1494 1814 1865 1895 postulasse,
1926 1817 1997 1876 ut
2056 1812 2361 1894 quaedam
2418 1827 2711 1892 aspere

261 1912 540 1989 dixerit3
612 1913 884 1977 breviter
942 1916 1193 1997 exponit
1253 1915 1611 1979 fructum
1676 1915 1771 1978 sui
1832 1916 1995 1978 inter
2049 1915 2314 1997 gentiles
2372 1910 2713 1995 praedicati

262 2015 590 2097 evangelii
638 2016 1001 2099 (14-20.);
1067 2035 1133 2079 se
1197 2016 1275 2079 ad
1339 2016 1566 2098 ipsos
1630 2019 2063 2080 venturum
2108 2014 2453 2098 pollicetur,
2515 2029 2705 2093 quum

262 2114 330 2177 in
417 2116 934 2199 Hispaniam
1017 2117 1402 2200 profecturus
1485 2134 1587 2181 eos
1674 2118 1738 2179 in
1802 2120 2162 2180 transcursu
2236 2114 2443 2178 videre
2470 2126 2475 2131 ·
2506 2113 2713 2195 speret

263 2214 648 2300 (21—24.);
706 2219 815 2282 sed
873 2222 1057 2282 antea
1099 2218 1753 2300 Hierosolymam
1797 2217 1983 2281 vadet
2026 2218 2105 2281 ad
2154 2215 2598 2297 eleemosynas,
2643 2212 2709 2276 in

262 2313 650 2383 Macedonia
695 2320 758 2383 et
801 2320 1042 2383 Achaia
1098 2319 1163 2382 in
1224 2316 1744 2383 sustentationem
1790 2317 2497 2400 Hierosolymitanorum
2545 2312 2707 2378 chri-

267 2416 628 2483 stianornm
691 2420 1010 2496 collectas,
1077 2420 1438 2484 deferendas
1500 2419 1862 2503 (25-29.);
1925 2418 2175 2483 interim
2236 2436 2338 2482 eos
2403 2417 2709 2485 instanter

266 2516 594 2596 obsecrat,
659 2523 730 2583 ut
795 2539 904 2603 pro
971 2522 1106 2603 ipso
1149 2522 1354 2585 Deum
1401 2527 1672 2599 orent,
1733 2522 1971 2603 iterque
2032 2539 2214 2585 suum
2260 2517 2707 2601 Hierosolymi-

267 2615 493 2683 tanum
544 2622 678 2685 Deo
732 2622 1150 2700 commendat,
1217 2626 1288 2686 ut
1353 2623 1645 2713 omnibus
1689 2623 1957 2687 feliciter
2020 2621 2308 2705 peractiS,
2376 2620 2704 2685 Romam

261 2718 473 2785 laetus
525 2722 736 2786 veniat
782 2722 1126 2806 (30-33.).

479 2822 562 2886 V.
635 2826 688 2887 1.
757 2823 1100 2903 „Debemus
1163 2834 1364 2888 autem
1427 2846 1537 2888 nos
1580 2824 1762 2908 firmi
1822 2822 2262 2887 imbecillitates
2323 2821 2705 2905 infirmorum

262 2928 594 3003 portare‚“
680 2924 834 2990 Vult
898 2926 1132 2989 dicere:
1199 2924 1342 2989 Non
1406 2926 1654 2989 tantum
1726 2924 2025 2987 debemus
2091 2940 2273 2987 omne
2340 2921 2702 2985 scandalum

273 3022 501 3102 vitare,
548 3026 655 3089 sed
724 3026 1023 3090 debemus
1068 3026 1261 3089 etiam
1305 3044 1435 3104 noS,
1506 3026 1610 3107 qui
1681 3024 2143 3108 persuasionem
2210 3023 2389 3087 illam
2455 3021 2705 3085 firmam

271 3122 611 3207 habemus,
655 3125 1042 3191 infirmorum
1089 3127 1350 3191 fratrum
1399 3129 1751 3191 nostrorum
1798 3124 2179 3208 ignorantias
2223 3125 2286 3187 et
2327 3122 2703 3205 praejudicia

271 3226 586 3304 patienter
646 3227 911 3293 sufferre.
960 3264 1044 3275 —-
1091 3228 1493 3293 Debemus
1555 3226 1941 3313 (ὀφείλομεν),
2005 3224 2248 3289 scilicet
2308 3224 2516 3288 debito
2574 3222 2700 3287 fra-

271 3328 494 3391 ternae
556 3328 899 3393 charitatis.
946 3366 1031 3376 -——
1074 3333 1310 3391 δυνατοὶ
1367 3329 1600 3413 (firmi),
1666 3330 1798 3393 scil.
1858 3330 1932 3410 τῇ
1987 3329 2175 3388 πίστει
2233 3323 2699 3409 (persuasione).

272 3424 981 3508 Imbecillitates‚
1041 3430 1082 3494 i.
1145 3451 1193 3494 e.
1254 3431 1692 3514 ignorantiam,
1753 3428 2149 3513 praejudicia,
2210 3426 2432 3508 quibus
2492 3426 2701 3489 crede-

272 3532 432 3608 rent,
480 3529 652 3612 leges
713 3530 972 3594 rituales
1035 3531 1380 3596 etiamnum
1423 3533 1554 3595 vim
1610 3530 1931 3614 obligandi
1988 3529 2239 3593 habere.
2287 3566 2364 3575 ——
2410 3528 2537 3604 „Et
2578 3548 2699 3591 non

272 3628 450 3693 nobis
490 3630 645 3715 ipsis
678 3629 932 3717 placere
947 3637 1014 3712 ‚·“
1058 3634 1233 3713 quasi
1279 3634 1543 3697 diceret:
1603 3633 1685 3696 Et
1739 3650 1865 3696 non
1924 3631 2059 3695 sine
2100 3631 2389 3713 respectu
2435 3629 2695 3694 aliorum

275 3728 528 3795 tantum
591 3732 769 3813 juxta
833 3734 1109 3797 nostram
1177 3734 1371 3797 animi
1435 3735 1897 3817 persuasionem
1965 3736 2028 3798 et
2094 3732 2412 3797 scientiam
2472 3730 2697 3807 vivere,

275 3832 702 3912 proximorum
745 3834 1020 3898 utilitate
1062 3836 1359 3919 neglecta.

484 3934 558 4003 V.
603 3936 662 3999 2.
711 3982 750 4013 „
769 3935 1185 4023 Unusquisque
1244 3946 1516 4001 nostrum
1560 3938 1855 4023 proaeimo
1914 3959 2022 4001 suo
2055 3933 2308 4023 placeat
2346 3934 2415 3997 in
2460 3931 2697 4011 bonum,

275 4032 363 4095 ad
428 4034 975 4119 aedificationemf‘
1063 4039 1217 4102 Vult
1281 4039 1518 4102 dicere:
1585 4040 2025 4123 Unusquisque
2089 4045 2373 4102 nostrum
2435 4033 2698 4119 proximi

277 4136 618 4200 commodis
675 4137 971 4202 inserviat
1027 4141 1105 4204 ad
1163 4141 1651 4223 promovendum
1709 4142 1943 4207 bonum
1999 4143 2214 4226 ipsius,
2272 4142 2343 4204 ut
2398 4138 2692 4202 nimirum

277 4237 463 4301 saluti
512 4238 646 4320 ejus
701 4240 999 4304 inserviat
1060 4241 1286 4326 (dando
1339 4242 1576 4311 bonum
1641 4244 2036 4329 exemplum).
2126 4242 2364 4309 Verba:
2424 4242 2524 4305 ad
2580 4258 2695 4305 ae-

277 4336 861 4404 dificationem
900 4345 1044 4406 sunt
1087 4344 1546 4427 explicatio
1586 4344 1949 4409 verborum:
1996 4346 2079 4410 in
2122 4346 2439 4411 bonum.
2484 4344 2697 4409 Lectio

276 4442 514 4513 ἕκαστος
556 4440 724 4523 ἡμῶν
767 4443 1170 4527 praeferenda
1214 4448 1310 4511 est
1352 4445 1431 4510 ob
1475 4447 1826 4513 contextum
1887 4447 2167 4513 lectioni:
2228 4451 2473 4522 ἕκαστος
2512 4448 2697 4530 ὑμῶν.
