3234 4992
628 231 749 298 128
1624 230 1736 284 cap.
1758 231 1887 274 vm.
1913 240 1960 273 v.
1987 231 2054 273 18.

622 417 862 482 haere
885 417 1053 495 (198,
1114 417 1258 499 quia
1312 417 1661 482 haereditas
1717 417 1912 500 patris
1972 416 2233 483 debetur
2276 417 2395 484 lib
2416 419 2614 497 9118,
2674 422 2783 483 901
2825 437 3008 483 revera

621 519 855 585 talibus
922 519 1379 603 (naturalibus),
1441 523 1550 585 aut
1607 520 1939 603 adoptivis,
2006 523 2069 584 et
2133 520 2345 586 tales
2412 539 2632 585 sumus
2688 539 2827 585 nos
2877 521 3010 585 chri-

631 621 834 686 stiani.
879 656 966 669 --
1007 622 1109 686 Ad
1150 624 1247 683 καὶ
1289 619 1643 703 κληρονόμοι
1684 621 2281 706 subintelligendum
2306 623 2438 687 est:
2483 626 2649 702 ἐσμεν
2682 622 3011 706 (sumus);

529 767 532 770 -
629 741 777 788 nam
824 741 944 804 qua
985 723 1116 787 veri
1158 723 1340 789 liberi
1384 722 1548 807 (filii)
1592 722 1711 787 Dei
1765 722 1901 806 jam
1946 741 2165 788 sumus
2220 723 2518 789 haeredes
2560 724 2697 803 Dei,
2764 724 3011 805 quamvis

623 824 699 888 de
744 822 909 888 facto
953 825 1228 888 nondum
1272 825 1696 907 possideamus
1754 824 1945 889 istam
2002 824 2487 904 haereditatem3
2546 822 2907 907 κληρονόμος
2943 825 3009 908 (4,
3133 836 3134 856 ³

624 922 753 1009 13.)
800 923 1025 989 dicitur
1088 925 1159 1003 is,
1227 926 1333 1007 qui
1399 942 1470 989 ex
1508 927 1686 1009 jure
1753 930 1861 989 aut
1926 942 2245 1008 possessor
2307 926 2458 992 boni
2522 926 2847 1010 cujusdam
2887 926 3008 1003 est,

620 1026 728 1088 aut
773 1024 971 1104 erit,
1018 1026 1296 1109 ideoque,
1326 1028 1629 1109 'quamvis
1686 1028 1760 1090 de
1818 1026 1983 1091 facto
2040 1028 2315 1092 nondum
2377 1028 2461 1092 sit
2517 1028 2581 1093 in
2637 1028 3009 1112 possessione,

619 1127 831 1189 tamen
876 1144 914 1191 a
955 1125 1093 1210 lege
1152 1145 1274 1209 qua
1333 1128 1480 1192 talis
1538 1128 1943 1193 existimatur.
1993 1164 2066 1174 -
2113 1124 2463 1211 κληρονόμοι
2505 1137 2709 1206 mov&
2754 1135 2908 1190 θεον*
2941 1133 3014 1192 est

619 1226 933 1311 genitivus
997 1227 1376 1311 originis.
1480 1227 1653 1308 Quae
1714 1229 1798 1293 sit
1853 1228 2205 1295 haereditas
2265 1232 2499 1309 nostra,
2560 1231 2739 1296 docet
2795 1250 2849 1295 v.
2916 1228 3012 1306 18.,

615 1329 748 1393 8011.
796 1324 953 1402 δόξα
995 1335 1170 1408 θεοῦ,
1216 1330 1640 1413 possessio
1683 1330 1922 1414 regni
1967 1332 2401 1411 coelestis,
2448 1331 3012 1415 nostraglorificatio

618 1449 730 1495 seu
773 1432 1036 1497 beatitas
1079 1433 1332 1497 aeterna
1374 1431 1711 1496 secundum
1773 1431 2059 1515 spiritum
2106 1433 2169 1496 et
2213 1450 2453 1516 corpus.
2499 1469 2584 1479 —-
2626 1431 3014 1511 „Cohaeredes

616 1540 818 1596 autem
869 1531 1154 1597 evaristif‘
1244 1532 1546 1611 ChristuS,
1593 1535 1893 1617 tanquam
1938 1534 2357 1599 naturalis
2402 1533 2597 1599 Filius
2641 1535 2765 1600 Dei
2820 1534 3007 1617 (etiam

611 1633 948 1698 secundum
1002 1633 1291 1699 naturam
1347 1635 1777 1701 humanam
1835 1637 2085 1719 propter
2147 1635 2608 1719 hypostaticam
2666 1636 2905 1700 divinae
2955 1638 3002 1697 et

610 1733 920 1799 humanae
982 1736 1239 1800 naturae
1303 1736 1368 1800 in
1431 1755 1501 1801 eo
1565 1736 1905 1822 unionem),
1974 1740 2069 1801 est
2112 1737 2538 1802 naturalis
2603 1737 2825 1802 haeres
2864 1734 3009 1819 regni

610 1833 727 1899 Dei
770 1835 974 1901 Patris
1017 1836 1236 1921 (Hebr.
1288 1840 1344 1916 1,
1388 1838 1476 1921 2).
1565 1836 1884 1917 Quatenus
1929 1856 2073 1904 vero
2119 1837 2400 1903 Christus
2463 1858 2574 1922 per
2619 1858 2803 1904 suam
2843 1838 3006 1902 incar-

610 1937 931 2002 nationem
988 1956 1102 2003 nos
1158 1938 1224 2002 in
1283 1937 1595 2003 fratres
1656 1958 1846 2005 suos
1907 1939 2268 2023 assumpsit,
2326 1958 2440 2004 nos
2496 1940 2688 2004 simul
2736 1958 2875 2004 suos
2914 1957 3005 2003 oo-

608 2038 952 2104 haerede
976 2058 1005 2104 8
1075 2038 1237 2105 fecit.
1340 2039 1462 2105 Ast
1544 2042 1749 2105 solum
1829 2044 2084 2107 eatenus
2167 2042 2478 2106 consortes
2545 2041 2781 2106 erimus
2843 2038 3005 2105 futuri

607 2141 782 2224 regni
825 2141 1132 2222 coelestis,
1178 2141 1480 2223 quatenus
1521 2142 1752 2207 erimus
1789 2143 2011 2208 fratres
2053 2141 2303 2221 Christi,
2356 2144 2661 2226 quatenus
2707 2162 2818 2227 per
2850 2142 3002 2205 fidem

608 2244 672 2305 et
716 2241 1087 2307 charitatem
1132 2242 1253 2325 ipsi
1296 2243 1563 2309 unimur.
1614 2242 1896 2309 Christus
1943 2246 2157 2309 autem
2190 2263 2301 2327 per
2332 2262 2511 2309 suam
2556 2244 3002 2326 passionem

607 2344 671 2405 et
715 2346 1050 2408 mortem
1097 2341 1217 2406 sibi
1261 2345 1332 2406 ut
1373 2342 1614 2409 homini
1675 2345 1977 2409 meruit
2034 2345 2302 2427 gloriam
2346 2344 2679 2409 coelestem
2729 2348 2904 2427 atque
2942 2341 3001 2405 ad
3135 2389 3136 2392 η

607 2443 923 2507 dexteram
983 2442 1189 2507 Patris
1249 2443 1685 2510 exaltationem
1750 2444 1921 2527 (Luc.
1968 2446 2069 2524 24,
2133 2445 2233 2510 26.
2282 2445 2445 2510 Phil.
2493 2446 2552 2524 2,
2599 2445 2640 2511 5
2662 2444 2875 2531 -11.).
2950 2439 3001 2505 Si

609 2543 821 2625 itaque
887 2544 1176 2610 volumus
1223 2563 1358 2609 esse
1402 2545 1903 2611 cohaeredes
1952 2545 2223 2626 Christi,
2296 2547 2775 2632 comparticipes
2815 2544 3001 2628 ipsius

611 2644 867 2727 gloriae,
915 2645 1214 2710 debemus
1259 2649 1321 2710 et
1364 2663 1476 2710 nos
1520 2665 1665 2711 cum
1714 2645 1956 2711 Christo
2002 2647 2570 2713 adversitates
2628 2648 2817 2732 hujus
2869 2645 3000 2711 vitae

601 2746 973 2829 patienti
1025 2746 1290 2812 animo
1335 2746 1564 2812 ferre.
1655 2749 1799 2813 Ideo
1863 2749 2013 2813 dicit
2072 2749 2424 2833 apostolus:
2484 2748 2844 2835 „Siquidem
2897 2766 3001 2810 cum

604 2870 670 2913 9ο
706 2849 1013 2935 patimur,
1071 2856 1141 2911 ut
1194 2850 1377 2912 ctiam
1433 2872 1568 2913 cum
1626 2871 1692 2913 90
1734 2849 2202 2935 ylorzflccmur.“
2292 2850 2492 2915 Dicit:
2538 2870 2572 2915 0
2593 2870 2633 2916 u
2652 2870 2719 2915 m
2767 2870 2799 2914 9
2819 2868 2851 2915 0
2870 2898 2884 2927 ,
2922 2846 2999 2910 ni-

601 2952 832 3017 mirum
898 2954 969 3016 01
1036 2950 1168 3035 ejus
1233 2950 1552 3031 membra,
1621 2952 1734 3018 tali
1800 2953 2044 3031 animo,
2110 2970 2302 3036 aequo
2370 2956 2432 3017 et
2498 2952 2845 3031 constanti,
2904 2966 2997 3032 quo

604 3053 889 3119 Christus
949 3071 1129 3117 suam
1191 3052 1542 3135 passionem
1599 3054 1765 3118 tulit.
1833 3090 1906 3101 -
1968 3053 2058 3120 Ex
2116 3054 2283 3119 hisce
2340 3054 2546 3119 verbis
2594 3054 2787 3119 simul
2837 3052 2996 3136 patet,

602 3156 935 3221 christiano
994 3153 1241 3219 licitum
1308 3173 1464 3234 esse,
1527 3154 1592 3218 in
1650 3154 1904 3220 edendis
1965 3156 2147 3221 bonis
2212 3154 2501 3238 operibus
2545 3159 2609 3220 et
2651 3150 2997 3237 perferendis

605 3255 1086 3322 adversitatibus
1129 3255 1435 3339 respicere
1479 3256 1970 3322 beatitatem
2034 3260 2370 3335 aeternam,
2418 3255 2580 3340 quod
2627 3255 2996 3322 Calvinus

605 3360 668 3421 et
711 3362 925 3442 postea
969 3357 1455 3437 Quietistae
1497 3357 1790 3423 illicitum
1837 3358 2255 3424 declarabant.

808 3457 881 3524 V.
933 3459 1030 3523 18.
1090 3457 1436 3537 „linsamo
1502 3460 1660 3523 enim
1674 3508 1693 3540 ,
1758 3481 1881 3523 non
1946 3482 2069 3524 csse
2132 3459 2355 3545 diffluas
2423 3458 2792 3545 afflictiones
2848 3458 2996 3547 kujm

601 3559 886 3643 temporis
943 3557 1031 3621 ad
1085 3556 1370 3644 yloriam,
1424 3584 1579 3647 quae
1635 3560 2005 3625 revelabitur
2047 3562 2115 3624 in
2174 3560 2408 3627 nobis.“
2494 3562 2685 3626 Hisce
2729 3559 2920 3627 verbis
2957 3574 2993 3619 8.

602 3661 922 3744 apostolus
982 3660 1090 3725 dat
1133 3664 1582 3744 rationem,
1646 3682 1753 3729 our
1796 3682 1941 3728 cum
1986 3662 2234 3729 Christo
2278 3681 2389 3728 nos
2432 3663 2565 3746 pati
2605 3665 2893 3748 oporteat,
2931 3656 2993 3721 ob

602 3763 813 3829 oculos
836 3762 1799 3847 ponendomagnitudinem
1836 3765 2162 3831 futurae
2207 3765 2547 3847 gloriae.
2595 3803 2678 3812 —
2720 3762 2991 3848 λογίζομαι

595 3864 873 3947 proprie:
922 3862 1350 3941 existim03
1413 3866 1522 3930 sed
1565 3866 1625 3930 h.
1672 3865 1715 3931 l.
1764 3865 1860 3951 (ut
1902 3866 1970 3944 3,
2013 3866 2144 3951 28.)
2191 3866 2444 3931 denotat
2488 3868 2721 3932 certam
2764 3856 2991 3949 apostoli

596 3965 1098 4050 persuasionem,
1159 3983 1302 4048 ergo
1361 3966 1531 4030 valet
1587 3967 1756 4031 idem
1814 3985 1919 4032 ac:
1980 3970 2209 4031 certo
2269 3967 2475 4046 scio,
2535 3979 2988 4052 persuasum

593 4065 865 4130 habeo.
928 4099 1013 4111 —
1071 4062 1240 4136 ἄξιος
1299 4064 1634 4150 dignus,
1694 4068 1753 4131 h.
1801 4068 1842 4132 1.
1892 4067 2242 4151 significatu
2288 4065 2662 4152 improprio:
2709 4084 2916 4148 comp
2937 4080 2987 4125 a·

593 4164 896 4231 rabilis
941 4164 1156 4250 (cum).
1205 4166 1504 4231 Versatur
1548 4168 1607 4231 h.
1656 4168 1698 4231 l.
1746 4168 2025 4250 apostolo
2068 4171 2310 4251 praeter
2354 4170 2984 4255 magnitudinem

595 4265 1001 4332 afflictionum
1067 4268 1130 4332 et
1188 4267 1421 4352 gloriae
1470 4268 1663 4333 etiam
1723 4268 2005 4333 bre-vis
2051 4272 2112 4333 et
2156 4274 2491 4338 aeterna
2551 4273 2787 4339 duratio
2829 4266 2983 4333 unius

593 4368 971 4451 alteriusque
1019 4369 1100 4454 (2.
1153 4368 1287 4435 Cor.
1334 4371 1393 4449 4,
1443 4368 1587 4454 17.).
1656 4404 1735 4416 --
1791 4368 2321 4434 ἀποκαλύπτεσθαι
2364 4373 2423 4437 11.
2471 4375 2515 4438 1.
2563 4377 2661 4439 981
2702 4374 2858 4439 idem
2896 4383 2980 4430 ac:

593 4475 1043 4552 φανερυιῗσθαι,
1111 4490 1154 4555 p
1174 4470 1349 4539 ates
1358 4470 1529 4538 ieri.
1619 4469 1833 4538 Gloria
1896 4472 2051 4539 haec
2115 4470 2320 4559 (δόξα)
2381 4474 2637 4559 patefiet
2697 4476 2763 4540 in
2819 4465 2980 4538 nobis,

2777 4939 2943 4964 ’,μ-...ὕ
2956 4957 2994 4964 „2-
