<?xml version="1.0" encoding="UTF-8"?>
<!DOCTYPE html PUBLIC "-//W3C//DTD XHTML 1.0 Transitional//EN"
    "http://www.w3.org/TR/xhtml1/DTD/xhtml1-transitional.dtd">
<html xmlns="http://www.w3.org/1999/xhtml" xml:lang="en" lang="en">
 <head>
  <title>
</title>
<meta http-equiv="Content-Type" content="text/html;charset=utf-8" />
  <meta name='ocr-system' content='tesseract 3.04.00' />
  <meta name='ocr-capabilities' content='ocr_page ocr_carea ocr_par ocr_line ocrx_word'/>
</head>
<body>
  <div class='ocr_page' id='page_1' title='image "./commentariusine00klofgoog_0196.png"; bbox 0 0 3234 4992; ppageno 0'>
   <div class='ocr_carea' id='block_1_1' title="bbox 2531 0 3165 179">
    <p class='ocr_par' dir='ltr' id='par_1_1' title="bbox 2531 0 3165 179">
     <span class='ocr_line' id='line_1_1' title="bbox 2531 0 3165 179; baseline 0 4813"><span class='ocrx_word' id='word_1_1' title='bbox 2531 0 3165 179; x_wconf 95' lang='lat' dir='ltr'> </span> 
     </span>
    </p>
   </div>
   <div class='ocr_carea' id='block_1_2' title="bbox 465 228 2001 317">
    <p class='ocr_par' dir='ltr' id='par_1_2' title="bbox 465 228 2001 317">
     <span class='ocr_line' id='line_1_2' title="bbox 465 228 2001 317; baseline 0 -28"><span class='ocrx_word' id='word_1_2' title='bbox 465 228 474 238; x_wconf 86' lang='grc'><em>“</em></span> <span class='ocrx_word' id='word_1_3' title='bbox 609 252 728 317; x_wconf 77' lang='lat'>192</span> <span class='ocrx_word' id='word_1_4' title='bbox 1619 246 1731 299; x_wconf 66' lang='lat' dir='ltr'>cap.</span> <span class='ocrx_word' id='word_1_5' title='bbox 1758 250 1837 291; x_wconf 84' lang='lat'>11.</span> <span class='ocrx_word' id='word_1_6' title='bbox 1864 260 1909 289; x_wconf 81' lang='lat' dir='ltr'>v.</span> <span class='ocrx_word' id='word_1_7' title='bbox 1937 248 2001 289; x_wconf 75' lang='lat' dir='ltr'>re.</span> 
     </span>
    </p>
   </div>
   <div class='ocr_carea' id='block_1_3' title="bbox 529 434 3009 4576">
    <p class='ocr_par' dir='ltr' id='par_1_3' title="bbox 529 434 3009 3464">
     <span class='ocr_line' id='line_1_3' title="bbox 605 434 2975 522; baseline -0.002 -23"><span class='ocrx_word' id='word_1_8' title='bbox 605 435 788 522; x_wconf 76' lang='grc' dir='ltr'>(γὰρ),</span> <span class='ocrx_word' id='word_1_9' title='bbox 833 455 944 503; x_wconf 89' lang='lat' dir='ltr'>cur</span> <span class='ocrx_word' id='word_1_10' title='bbox 983 440 1304 520; x_wconf 85' lang='lat' dir='ltr'>tantopere</span> <span class='ocrx_word' id='word_1_11' title='bbox 1348 437 1673 513; x_wconf 78' lang='lat' dir='ltr'>desideret,</span> <span class='ocrx_word' id='word_1_12' title='bbox 1720 439 1793 500; x_wconf 89' lang='lat' dir='ltr'>ut</span> <span class='ocrx_word' id='word_1_13' title='bbox 1810 435 1855 502; x_wconf 87' lang='lat' dir='ltr'><strong>J</strong></span> <span class='ocrx_word' id='word_1_14' title='bbox 1858 434 2040 500; x_wconf 89' lang='lat' dir='ltr'>udaei</span> <span class='ocrx_word' id='word_1_15' title='bbox 2082 435 2163 499; x_wconf 88' lang='lat' dir='ltr'>ad</span> <span class='ocrx_word' id='word_1_16' title='bbox 2206 434 2687 499; x_wconf 76' lang='lat' dir='ltr'>aemulationem</span> <span class='ocrx_word' id='word_1_17' title='bbox 2732 448 2975 514; x_wconf 82' lang='lat' dir='ltr'>provoca-</span> 
     </span>
     <span class='ocr_line' id='line_1_4' title="bbox 603 532 2978 621; baseline -0.004 -17"><span class='ocrx_word' id='word_1_18' title='bbox 603 540 818 604; x_wconf 78' lang='lat' dir='ltr'>rentur</span> <span class='ocrx_word' id='word_1_19' title='bbox 873 544 1058 621; x_wconf 85' lang='lat' dir='ltr'>atque</span> <span class='ocrx_word' id='word_1_20' title='bbox 1120 538 1199 603; x_wconf 87' lang='lat' dir='ltr'>ad</span> <span class='ocrx_word' id='word_1_21' title='bbox 1243 536 1560 604; x_wconf 82' lang='lat' dir='ltr'>Christum</span> <span class='ocrx_word' id='word_1_22' title='bbox 1619 540 2148 615; x_wconf 84' lang='lat' dir='ltr'>converterentur,</span> <span class='ocrx_word' id='word_1_23' title='bbox 2216 537 2364 620; x_wconf 87' lang='lat' dir='ltr'>quia</span> <span class='ocrx_word' id='word_1_24' title='bbox 2426 554 2670 600; x_wconf 92' lang='lat' dir='ltr'>consu</span> <span class='ocrx_word' id='word_1_25' title='bbox 2690 532 2978 598; x_wconf 87' lang='lat' dir='ltr'>mmatio</span> 
     </span>
     <span class='ocr_line' id='line_1_5' title="bbox 608 636 2983 724; baseline -0.002 -21"><span class='ocrx_word' id='word_1_26' title='bbox 608 638 954 724; x_wconf 84' lang='lat' dir='ltr'>(perfectio)</span> <span class='ocrx_word' id='word_1_27' title='bbox 997 640 1437 724; x_wconf 85' lang='lat' dir='ltr'>redemptionis</span> <span class='ocrx_word' id='word_1_28' title='bbox 1482 659 1606 705; x_wconf 90' lang='lat' dir='ltr'>non</span> <span class='ocrx_word' id='word_1_29' title='bbox 1654 642 1829 723; x_wconf 90' lang='lat' dir='ltr'>prius</span> <span class='ocrx_word' id='word_1_30' title='bbox 1874 641 2083 705; x_wconf 85' lang='lat' dir='ltr'>futura</span> <span class='ocrx_word' id='word_1_31' title='bbox 2126 643 2253 717; x_wconf 88' lang='lat' dir='ltr'>est,</span> <span class='ocrx_word' id='word_1_32' title='bbox 2314 656 2501 720; x_wconf 92' lang='lat' dir='ltr'>quam</span> <span class='ocrx_word' id='word_1_33' title='bbox 2548 638 2716 701; x_wconf 89' lang='lat' dir='ltr'>totus</span> <span class='ocrx_word' id='word_1_34' title='bbox 2758 636 2983 719; x_wconf 83' lang='lat' dir='ltr'>populus</span> 
     </span>
     <span class='ocr_line' id='line_1_6' title="bbox 605 736 2988 825; baseline -0.003 -20"><span class='ocrx_word' id='word_1_35' title='bbox 605 740 984 805; x_wconf 73' lang='lat' dir='ltr'>Israeliticus</span> <span class='ocrx_word' id='word_1_36' title='bbox 1042 743 1343 825; x_wconf 76' lang='lat' dir='ltr'>receperit</span> <span class='ocrx_word' id='word_1_37' title='bbox 1383 743 1571 807; x_wconf 91' lang='lat' dir='ltr'>fidem</span> <span class='ocrx_word' id='word_1_38' title='bbox 1619 742 1873 808; x_wconf 84' lang='lat' dir='ltr'>Christi.</span> <span class='ocrx_word' id='word_1_39' title='bbox 1926 780 1994 788; x_wconf 88' lang='lat'>—-</span> <span class='ocrx_word' id='word_1_40' title='bbox 2042 742 2084 823; x_wconf 79' lang='grc' dir='ltr'><em>ἠ</em></span> <span class='ocrx_word' id='word_1_41' title='bbox 2142 740 2441 822; x_wconf 74' lang='grc' dir='ltr'><em>ἀποβολή,</em></span> <span class='ocrx_word' id='word_1_42' title='bbox 2504 740 2650 822; x_wconf 89' lang='lat' dir='ltr'>quia</span> <span class='ocrx_word' id='word_1_43' title='bbox 2705 736 2988 820; x_wconf 87' lang='lat' dir='ltr'>opponitur</span> 
     </span>
     <span class='ocr_line' id='line_1_7' title="bbox 604 836 2989 928; baseline -0 -26"><span class='ocrx_word' id='word_1_44' title='bbox 604 846 680 925; x_wconf 78' lang='grc' dir='ltr'>τῇ</span> <span class='ocrx_word' id='word_1_45' title='bbox 719 843 1052 924; x_wconf 75' lang='grc' dir='ltr'><strong><em>προσληψει</em></strong></span> <span class='ocrx_word' id='word_1_46' title='bbox 1097 843 1593 928; x_wconf 82' lang='lat' dir='ltr'>(assumptioni),</span> <span class='ocrx_word' id='word_1_47' title='bbox 1656 847 1755 909; x_wconf 86' lang='lat' dir='ltr'>est</span> <span class='ocrx_word' id='word_1_48' title='bbox 1796 844 1857 909; x_wconf 91' lang='lat' dir='ltr'>h.</span> <span class='ocrx_word' id='word_1_49' title='bbox 1900 845 1941 909; x_wconf 87' lang='lat' dir='ltr'>l.</span> <span class='ocrx_word' id='word_1_50' title='bbox 1990 844 2152 928; x_wconf 87' lang='lat' dir='ltr'>reje</span> <span class='ocrx_word' id='word_1_51' title='bbox 2172 844 2283 907; x_wconf 90' lang='lat' dir='ltr'>cti</span> <span class='ocrx_word' id='word_1_52' title='bbox 2304 862 2371 922; x_wconf 93' lang='lat' dir='ltr'>o,</span> <span class='ocrx_word' id='word_1_53' title='bbox 2426 845 2491 906; x_wconf 89' lang='lat' dir='ltr'>et</span> <span class='ocrx_word' id='word_1_54' title='bbox 2533 840 2721 905; x_wconf 89' lang='lat' dir='ltr'>debet</span> <span class='ocrx_word' id='word_1_55' title='bbox 2764 836 2989 919; x_wconf 81' lang='lat' dir='ltr'>intelligi</span> 
     </span>
     <span class='ocr_line' id='line_1_8' title="bbox 605 940 2989 1029; baseline -0.003 -20"><span class='ocrx_word' id='word_1_56' title='bbox 605 944 858 1027; x_wconf 88' lang='lat' dir='ltr'>majoris</span> <span class='ocrx_word' id='word_1_57' title='bbox 902 944 1098 1027; x_wconf 86' lang='lat' dir='ltr'>partis</span> <span class='ocrx_word' id='word_1_58' title='bbox 1144 946 1358 1029; x_wconf 86' lang='lat' dir='ltr'>populi</span> <span class='ocrx_word' id='word_1_59' title='bbox 1407 945 1731 1011; x_wconf 74' lang='lat' dir='ltr'>Israelitici</span> <span class='ocrx_word' id='word_1_60' title='bbox 1783 946 1863 1011; x_wconf 91' lang='lat' dir='ltr'>ob</span> <span class='ocrx_word' id='word_1_61' title='bbox 1909 946 2043 1029; x_wconf 89' lang='lat' dir='ltr'>ejus</span> <span class='ocrx_word' id='word_1_62' title='bbox 2088 944 2589 1009; x_wconf 72' lang='lat' dir='ltr'>incredulitatem</span> <span class='ocrx_word' id='word_1_63' title='bbox 2633 940 2887 1025; x_wconf 85' lang='lat' dir='ltr'>rejectio.</span> <span class='ocrx_word' id='word_1_64' title='bbox 2926 974 2989 983; x_wconf 93' lang='lat'>-</span> 
     </span>
     <span class='ocr_line' id='line_1_9' title="bbox 605 1039 2994 1131; baseline -0.002 -24"><span class='ocrx_word' id='word_1_65' title='bbox 605 1041 942 1127; x_wconf 75' lang='grc' dir='ltr'><strong><em>πρόσληψις</em></strong></span> <span class='ocrx_word' id='word_1_66' title='bbox 973 1047 1051 1111; x_wconf 91' lang='lat' dir='ltr'>ob</span> <span class='ocrx_word' id='word_1_67' title='bbox 1087 1046 1427 1112; x_wconf 80' lang='lat' dir='ltr'>antithesin</span> <span class='ocrx_word' id='word_1_68' title='bbox 1465 1052 1564 1111; x_wconf 88' lang='lat' dir='ltr'>est</span> <span class='ocrx_word' id='word_1_69' title='bbox 1604 1048 1881 1131; x_wconf 89' lang='lat' dir='ltr'>plenaria</span> <span class='ocrx_word' id='word_1_70' title='bbox 1904 1047 1949 1114; x_wconf 87' lang='lat' dir='ltr'><strong>J</strong></span> <span class='ocrx_word' id='word_1_71' title='bbox 1952 1048 2287 1111; x_wconf 85' lang='lat' dir='ltr'>udaeorum</span> <span class='ocrx_word' id='word_1_72' title='bbox 2321 1044 2669 1127; x_wconf 78' lang='lat' dir='ltr'>assumptio</span> <span class='ocrx_word' id='word_1_73' title='bbox 2712 1042 2791 1107; x_wconf 87' lang='lat' dir='ltr'>ad</span> <span class='ocrx_word' id='word_1_74' title='bbox 2819 1039 2994 1116; x_wconf 86' lang='lat' dir='ltr'>fidem,</span> 
     </span>
     <span class='ocr_line' id='line_1_10' title="bbox 607 1138 2995 1231; baseline 0.002 -20"><span class='ocrx_word' id='word_1_75' title='bbox 607 1166 718 1212; x_wconf 89' lang='lat' dir='ltr'>seu</span> <span class='ocrx_word' id='word_1_76' title='bbox 777 1146 1052 1231; x_wconf 86' lang='lat' dir='ltr'>plenaria</span> <span class='ocrx_word' id='word_1_77' title='bbox 1109 1165 1321 1212; x_wconf 89' lang='lat' dir='ltr'>eorum</span> <span class='ocrx_word' id='word_1_78' title='bbox 1382 1149 1693 1213; x_wconf 85' lang='lat' dir='ltr'>conversio</span> <span class='ocrx_word' id='word_1_79' title='bbox 1750 1149 1833 1213; x_wconf 95' lang='lat' dir='ltr'>ad</span> <span class='ocrx_word' id='word_1_80' title='bbox 1877 1148 2217 1213; x_wconf 81' lang='lat' dir='ltr'>Christum.</span> <span class='ocrx_word' id='word_1_81' title='bbox 2264 1182 2351 1195; x_wconf 91' lang='lat'>—-</span> <span class='ocrx_word' id='word_1_82' title='bbox 2402 1146 2589 1210; x_wconf 88' lang='lat' dir='ltr'>Mun</span> <span class='ocrx_word' id='word_1_83' title='bbox 2608 1145 2684 1210; x_wconf 91' lang='lat' dir='ltr'>di</span> <span class='ocrx_word' id='word_1_84' title='bbox 2730 1138 2995 1223; x_wconf 65' lang='grc' dir='ltr'>(κόσμον),</span> 
     </span>
     <span class='ocr_line' id='line_1_11' title="bbox 603 1242 2997 1333; baseline -0.003 -20"><span class='ocrx_word' id='word_1_85' title='bbox 603 1249 644 1313; x_wconf 92' lang='lat' dir='ltr'>i.</span> <span class='ocrx_word' id='word_1_86' title='bbox 673 1268 723 1313; x_wconf 90' lang='lat' dir='ltr'>e.</span> <span class='ocrx_word' id='word_1_87' title='bbox 750 1247 1097 1332; x_wconf 86' lang='lat' dir='ltr'>gentilium.</span> <span class='ocrx_word' id='word_1_88' title='bbox 1133 1287 1196 1295; x_wconf 87' lang='lat'>--</span> <span class='ocrx_word' id='word_1_89' title='bbox 1222 1251 1312 1320; x_wconf 80' lang='grc' dir='ltr'>τίς</span> <span class='ocrx_word' id='word_1_90' title='bbox 1351 1267 1461 1333; x_wconf 87' lang='lat' dir='ltr'>pro</span> <span class='ocrx_word' id='word_1_91' title='bbox 1505 1253 1577 1326; x_wconf 79' lang='grc' dir='ltr'>τί,</span> <span class='ocrx_word' id='word_1_92' title='bbox 1622 1251 1685 1314; x_wconf 89' lang='lat' dir='ltr'>et</span> <span class='ocrx_word' id='word_1_93' title='bbox 1713 1251 2127 1333; x_wconf 88' lang='lat' dir='ltr'>supplendum</span> <span class='ocrx_word' id='word_1_94' title='bbox 2174 1251 2299 1313; x_wconf 89' lang='lat' dir='ltr'>est:</span> <span class='ocrx_word' id='word_1_95' title='bbox 2344 1246 2510 1309; x_wconf 77' lang='grc' dir='ltr'>ἔσται</span> <span class='ocrx_word' id='word_1_96' title='bbox 2557 1246 2735 1329; x_wconf 90' lang='lat' dir='ltr'>(quid</span> <span class='ocrx_word' id='word_1_97' title='bbox 2762 1242 2909 1328; x_wconf 87' lang='lat' dir='ltr'>erit).</span> <span class='ocrx_word' id='word_1_98' title='bbox 2934 1278 2997 1287; x_wconf 94' lang='lat'>—</span> 
     </span>
     <span class='ocr_line' id='line_1_12' title="bbox 607 1344 2996 1435; baseline -0.002 -25"><span class='ocrx_word' id='word_1_99' title='bbox 607 1348 734 1431; x_wconf 78' lang='grc' dir='ltr'>ζωή</span> <span class='ocrx_word' id='word_1_100' title='bbox 779 1348 846 1411; x_wconf 78' lang='grc' dir='ltr'>ἐκ</span> <span class='ocrx_word' id='word_1_101' title='bbox 887 1352 1103 1431; x_wconf 69' lang='grc' dir='ltr'><strong><em>νεκρῶν</em></strong></span> <span class='ocrx_word' id='word_1_102' title='bbox 1147 1368 1288 1415; x_wconf 92' lang='lat' dir='ltr'>cum</span> <span class='ocrx_word' id='word_1_103' title='bbox 1337 1351 1607 1433; x_wconf 83' lang='lat' dir='ltr'>antiquis</span> <span class='ocrx_word' id='word_1_104' title='bbox 1653 1351 2095 1435; x_wconf 86' lang='lat' dir='ltr'>interpretibus</span> <span class='ocrx_word' id='word_1_105' title='bbox 2142 1349 2364 1433; x_wconf 88' lang='lat' dir='ltr'>(Orig.,</span> <span class='ocrx_word' id='word_1_106' title='bbox 2413 1347 2652 1432; x_wconf 61' lang='lat' dir='ltr'>Chrys„</span> <span class='ocrx_word' id='word_1_107' title='bbox 2701 1344 2996 1419; x_wconf 84' lang='lat' dir='ltr'>Theodor.,</span> 
     </span>
     <span class='ocr_line' id='line_1_13' title="bbox 605 1444 3001 1536; baseline -0.004 -20"><span class='ocrx_word' id='word_1_108' title='bbox 605 1451 910 1528; x_wconf 90' lang='lat' dir='ltr'>Anselm.,</span> <span class='ocrx_word' id='word_1_109' title='bbox 958 1448 1262 1536; x_wconf 74' lang='lat' dir='ltr'>CaJetan.)</span> <span class='ocrx_word' id='word_1_110' title='bbox 1307 1452 1741 1535; x_wconf 87' lang='lat' dir='ltr'>explicandum</span> <span class='ocrx_word' id='word_1_111' title='bbox 1784 1452 1881 1517; x_wconf 90' lang='lat' dir='ltr'>est</span> <span class='ocrx_word' id='word_1_112' title='bbox 1924 1471 2114 1516; x_wconf 90' lang='lat' dir='ltr'>sensu</span> <span class='ocrx_word' id='word_1_113' title='bbox 2159 1450 2405 1534; x_wconf 86' lang='lat' dir='ltr'>proprio</span> <span class='ocrx_word' id='word_1_114' title='bbox 2430 1450 2506 1515; x_wconf 89' lang='lat' dir='ltr'>de</span> <span class='ocrx_word' id='word_1_115' title='bbox 2550 1444 3001 1514; x_wconf 84' lang='lat' dir='ltr'>universali</span> 
     </span>
     <span class='ocr_line' id='line_1_14' title="bbox 606 1546 2997 1637; baseline -0.004 -20"><span class='ocrx_word' id='word_1_116' title='bbox 606 1555 1095 1617; x_wconf 92' lang='lat' dir='ltr'>mortuorum</span> <span class='ocrx_word' id='word_1_117' title='bbox 1140 1554 1745 1617; x_wconf 88' lang='lat' dir='ltr'>resurrectione</span> <span class='ocrx_word' id='word_1_118' title='bbox 1792 1552 2375 1637; x_wconf 66' lang='grc' dir='ltr'>(ἀναστασιςνεκροῐν</span> <span class='ocrx_word' id='word_1_119' title='bbox 2424 1551 2475 1616; x_wconf 91' lang='lat' dir='ltr'>l.</span> <span class='ocrx_word' id='word_1_120' title='bbox 2506 1550 2638 1616; x_wconf 92' lang='lat' dir='ltr'>Cor.</span> <span class='ocrx_word' id='word_1_121' title='bbox 2674 1548 2773 1628; x_wconf 83' lang='lat'>15,</span> <span class='ocrx_word' id='word_1_122' title='bbox 2802 1546 2997 1613; x_wconf 66' lang='lat'>1213.</span> 
     </span>
     <span class='ocr_line' id='line_1_15' title="bbox 603 1650 2999 1737; baseline -0.004 -19"><span class='ocrx_word' id='word_1_123' title='bbox 603 1652 755 1737; x_wconf 71' lang='lat'>42),</span> <span class='ocrx_word' id='word_1_124' title='bbox 800 1670 923 1717; x_wconf 91' lang='lat' dir='ltr'>non</span> <span class='ocrx_word' id='word_1_125' title='bbox 947 1655 1156 1727; x_wconf 87' lang='lat' dir='ltr'>autem</span> <span class='ocrx_word' id='word_1_126' title='bbox 1201 1653 1277 1718; x_wconf 90' lang='lat' dir='ltr'>de</span> <span class='ocrx_word' id='word_1_127' title='bbox 1323 1654 1759 1737; x_wconf 88' lang='lat' dir='ltr'>spirituali</span> <span class='ocrx_word' id='word_1_128' title='bbox 1812 1655 2277 1732; x_wconf 88' lang='lat' dir='ltr'>resurrectione,</span> <span class='ocrx_word' id='word_1_129' title='bbox 2325 1654 2399 1717; x_wconf 88' lang='lat' dir='ltr'>de</span> <span class='ocrx_word' id='word_1_130' title='bbox 2444 1652 2717 1717; x_wconf 88' lang='lat' dir='ltr'>novitate</span> <span class='ocrx_word' id='word_1_131' title='bbox 2744 1650 2899 1715; x_wconf 84' lang='lat' dir='ltr'>vitae</span> <span class='ocrx_word' id='word_1_132' title='bbox 2938 1665 2999 1709; x_wconf 84' lang='lat' dir='ltr'>ex</span> 
     </span>
     <span class='ocr_line' id='line_1_16' title="bbox 610 1747 3000 1839; baseline -0.003 -22"><span class='ocrx_word' id='word_1_133' title='bbox 610 1756 806 1818; x_wconf 89' lang='lat' dir='ltr'>morte</span> <span class='ocrx_word' id='word_1_134' title='bbox 827 1754 1066 1837; x_wconf 83' lang='lat' dir='ltr'>peccati</span> <span class='ocrx_word' id='word_1_135' title='bbox 1091 1753 1386 1839; x_wconf 79' lang='lat' dir='ltr'>(Estius);</span> <span class='ocrx_word' id='word_1_136' title='bbox 1432 1756 1578 1838; x_wconf 87' lang='lat' dir='ltr'>quia</span> <span class='ocrx_word' id='word_1_137' title='bbox 1613 1755 1728 1820; x_wconf 85' lang='lat' dir='ltr'>tali</span> <span class='ocrx_word' id='word_1_138' title='bbox 1760 1756 1943 1821; x_wconf 92' lang='lat' dir='ltr'>modo</span> <span class='ocrx_word' id='word_1_139' title='bbox 1984 1756 2124 1821; x_wconf 88' lang='lat' dir='ltr'>istis</span> <span class='ocrx_word' id='word_1_140' title='bbox 2154 1754 2360 1821; x_wconf 88' lang='lat' dir='ltr'>verbis</span> <span class='ocrx_word' id='word_1_141' title='bbox 2401 1754 2490 1819; x_wconf 89' lang='lat' dir='ltr'>nil</span> <span class='ocrx_word' id='word_1_142' title='bbox 2524 1752 2857 1819; x_wconf 87' lang='lat' dir='ltr'>sublimius</span> <span class='ocrx_word' id='word_1_143' title='bbox 2896 1747 3000 1813; x_wconf 89' lang='lat' dir='ltr'>edi-</span> 
     </span>
     <span class='ocr_line' id='line_1_17' title="bbox 610 1849 3000 1939; baseline -0.003 -20"><span class='ocrx_word' id='word_1_144' title='bbox 610 1857 851 1920; x_wconf 87' lang='lat' dir='ltr'>ceretur</span> <span class='ocrx_word' id='word_1_145' title='bbox 882 1874 1066 1939; x_wconf 87' lang='lat' dir='ltr'>quam</span> <span class='ocrx_word' id='word_1_146' title='bbox 1120 1874 1479 1939; x_wconf 86' lang='lat' dir='ltr'>praegressa</span> <span class='ocrx_word' id='word_1_147' title='bbox 1505 1876 1653 1922; x_wconf 85' lang='lat' dir='ltr'>voce</span> <span class='ocrx_word' id='word_1_148' title='bbox 1676 1854 2027 1939; x_wconf 78' lang='grc' dir='ltr'><em>καταλλαγή,</em></span> <span class='ocrx_word' id='word_1_149' title='bbox 2072 1875 2181 1939; x_wconf 87' lang='lat' dir='ltr'>per</span> <span class='ocrx_word' id='word_1_150' title='bbox 2199 1874 2385 1939; x_wconf 86' lang='lat' dir='ltr'>quam</span> <span class='ocrx_word' id='word_1_151' title='bbox 2406 1854 2674 1937; x_wconf 85' lang='lat' dir='ltr'>intelligi</span> <span class='ocrx_word' id='word_1_152' title='bbox 2720 1851 2899 1917; x_wconf 88' lang='lat' dir='ltr'>debet</span> <span class='ocrx_word' id='word_1_153' title='bbox 2934 1849 3000 1925; x_wconf 90' lang='lat' dir='ltr'>id,</span> 
     </span>
     <span class='ocr_line' id='line_1_18' title="bbox 608 1954 2999 2041; baseline -0.003 -20"><span class='ocrx_word' id='word_1_154' title='bbox 608 1956 769 2039; x_wconf 86' lang='lat' dir='ltr'>quod</span> <span class='ocrx_word' id='word_1_155' title='bbox 791 1958 975 2022; x_wconf 89' lang='lat' dir='ltr'>antea</span> <span class='ocrx_word' id='word_1_156' title='bbox 997 1956 1078 2040; x_wconf 93' lang='lat' dir='ltr'>(v.</span> <span class='ocrx_word' id='word_1_157' title='bbox 1109 1956 1234 2040; x_wconf 82' lang='lat'>12.)</span> <span class='ocrx_word' id='word_1_158' title='bbox 1259 1961 1582 2023; x_wconf 85' lang='lat' dir='ltr'>vocaverat</span> <span class='ocrx_word' id='word_1_159' title='bbox 1605 1960 1921 2039; x_wconf 86' lang='lat' dir='ltr'>divitias</span> <span class='ocrx_word' id='word_1_160' title='bbox 1960 1959 2251 2035; x_wconf 92' lang='lat' dir='ltr'>mundi,</span> <span class='ocrx_word' id='word_1_161' title='bbox 2291 1957 2661 2041; x_wconf 89' lang='lat' dir='ltr'>gentium.</span> <span class='ocrx_word' id='word_1_162' title='bbox 2700 1992 2779 2002; x_wconf 94' lang='lat'>—</span> <span class='ocrx_word' id='word_1_163' title='bbox 2806 1954 2867 2021; x_wconf 86' lang='lat' dir='ltr'>Si</span> <span class='ocrx_word' id='word_1_164' title='bbox 2886 1969 2999 2017; x_wconf 87' lang='lat' dir='ltr'>vero</span> 
     </span>
     <span class='ocr_line' id='line_1_19' title="bbox 609 2054 3000 2144; baseline -0.002 -23"><span class='ocrx_word' id='word_1_165' title='bbox 609 2056 779 2141; x_wconf 91' lang='lat' dir='ltr'>(cum</span> <span class='ocrx_word' id='word_1_166' title='bbox 828 2056 1019 2142; x_wconf 91' lang='lat' dir='ltr'>Orig.,</span> <span class='ocrx_word' id='word_1_167' title='bbox 1065 2076 1110 2121; x_wconf 90' lang='lat' dir='ltr'>s.</span> <span class='ocrx_word' id='word_1_168' title='bbox 1141 2057 1480 2143; x_wconf 80' lang='lat' dir='ltr'>Chrysost.,</span> <span class='ocrx_word' id='word_1_169' title='bbox 1527 2060 1912 2139; x_wconf 86' lang='lat' dir='ltr'>Theodoret.‚</span> <span class='ocrx_word' id='word_1_170' title='bbox 1958 2060 2106 2144; x_wconf 86' lang='lat' dir='ltr'>etc.)</span> <span class='ocrx_word' id='word_1_171' title='bbox 2152 2062 2227 2124; x_wconf 91' lang='lat' dir='ltr'>de</span> <span class='ocrx_word' id='word_1_172' title='bbox 2271 2057 2717 2124; x_wconf 90' lang='lat' dir='ltr'>universali</span> <span class='ocrx_word' id='word_1_173' title='bbox 2762 2054 3000 2120; x_wconf 86' lang='lat' dir='ltr'>mortu-</span> 
     </span>
     <span class='ocr_line' id='line_1_20' title="bbox 608 2154 2998 2246; baseline -0.001 -23"><span class='ocrx_word' id='word_1_174' title='bbox 608 2176 810 2224; x_wconf 90' lang='lat' dir='ltr'>orum</span> <span class='ocrx_word' id='word_1_175' title='bbox 860 2162 1443 2226; x_wconf 87' lang='lat' dir='ltr'>resurrectione</span> <span class='ocrx_word' id='word_1_176' title='bbox 1487 2163 1859 2246; x_wconf 85' lang='lat' dir='ltr'>explicetur,</span> <span class='ocrx_word' id='word_1_177' title='bbox 1923 2162 2113 2227; x_wconf 85' lang='lat' dir='ltr'>verba</span> <span class='ocrx_word' id='word_1_178' title='bbox 2153 2161 2304 2226; x_wconf 89' lang='lat' dir='ltr'>haec</span> <span class='ocrx_word' id='word_1_179' title='bbox 2348 2161 2656 2236; x_wconf 88' lang='lat' dir='ltr'>docerent,</span> <span class='ocrx_word' id='word_1_180' title='bbox 2705 2161 2842 2222; x_wconf 88' lang='lat' dir='ltr'>tum</span> <span class='ocrx_word' id='word_1_181' title='bbox 2884 2154 2998 2219; x_wconf 83' lang='lat' dir='ltr'>uni-</span> 
     </span>
     <span class='ocr_line' id='line_1_21' title="bbox 609 2257 3002 2342; baseline -0.001 -18"><span class='ocrx_word' id='word_1_182' title='bbox 609 2261 912 2325; x_wconf 86' lang='lat' dir='ltr'>versalem</span> <span class='ocrx_word' id='word_1_183' title='bbox 954 2264 1339 2327; x_wconf 89' lang='lat' dir='ltr'>mortuorum</span> <span class='ocrx_word' id='word_1_184' title='bbox 1385 2264 2093 2342; x_wconf 89' lang='lat' dir='ltr'>resurrectionem,</span> <span class='ocrx_word' id='word_1_185' title='bbox 2149 2268 2286 2328; x_wconf 89' lang='lat' dir='ltr'>tum</span> <span class='ocrx_word' id='word_1_186' title='bbox 2332 2261 2569 2327; x_wconf 88' lang='lat' dir='ltr'>finem</span> <span class='ocrx_word' id='word_1_187' title='bbox 2611 2258 2831 2324; x_wconf 91' lang='lat' dir='ltr'>mundi</span> <span class='ocrx_word' id='word_1_188' title='bbox 2872 2257 3002 2340; x_wconf 89' lang='lat' dir='ltr'>(no-</span> 
     </span>
     <span class='ocr_line' id='line_1_22' title="bbox 610 2360 3003 2450; baseline -0.002 -25"><span class='ocrx_word' id='word_1_189' title='bbox 610 2380 785 2425; x_wconf 91' lang='lat' dir='ltr'>vum</span> <span class='ocrx_word' id='word_1_190' title='bbox 829 2362 1125 2428; x_wconf 90' lang='lat' dir='ltr'>coelum</span> <span class='ocrx_word' id='word_1_191' title='bbox 1170 2364 1234 2427; x_wconf 89' lang='lat' dir='ltr'>et</span> <span class='ocrx_word' id='word_1_192' title='bbox 1259 2382 1537 2430; x_wconf 85' lang='lat' dir='ltr'>novam</span> <span class='ocrx_word' id='word_1_193' title='bbox 1581 2365 1897 2450; x_wconf 87' lang='lat' dir='ltr'>terram)</span> <span class='ocrx_word' id='word_1_194' title='bbox 1924 2360 3003 2447; x_wconf 88' lang='lat' dir='ltr'>dependereaplenariaJudaeorum</span> 
     </span>
     <span class='ocr_line' id='line_1_23' title="bbox 611 2458 3006 2551; baseline -0.001 -26"><span class='ocrx_word' id='word_1_195' title='bbox 611 2462 689 2525; x_wconf 86' lang='lat' dir='ltr'>ad</span> <span class='ocrx_word' id='word_1_196' title='bbox 736 2460 1048 2528; x_wconf 87' lang='lat' dir='ltr'>Christum</span> <span class='ocrx_word' id='word_1_197' title='bbox 1093 2466 1487 2531; x_wconf 84' lang='lat' dir='ltr'>conversione</span> <span class='ocrx_word' id='word_1_198' title='bbox 1532 2466 1632 2549; x_wconf 89' lang='lat' dir='ltr'>(cf.</span> <span class='ocrx_word' id='word_1_199' title='bbox 1659 2487 1714 2531; x_wconf 92' lang='lat' dir='ltr'>v.</span> <span class='ocrx_word' id='word_1_200' title='bbox 1740 2467 1891 2551; x_wconf 64' lang='lat'>25).</span> <span class='ocrx_word' id='word_1_201' title='bbox 1977 2466 2129 2531; x_wconf 91' lang='lat' dir='ltr'>Vult</span> <span class='ocrx_word' id='word_1_202' title='bbox 2173 2483 2317 2549; x_wconf 89' lang='lat' dir='ltr'>ergo</span> <span class='ocrx_word' id='word_1_203' title='bbox 2362 2485 2410 2529; x_wconf 91' lang='lat' dir='ltr'>s.</span> <span class='ocrx_word' id='word_1_204' title='bbox 2460 2463 2783 2547; x_wconf 83' lang='lat' dir='ltr'>apostolus</span> <span class='ocrx_word' id='word_1_205' title='bbox 2828 2458 3006 2525; x_wconf 87' lang='lat' dir='ltr'>verbis</span> 
     </span>
     <span class='ocr_line' id='line_1_24' title="bbox 611 2561 3008 2649; baseline -0.001 -24"><span class='ocrx_word' id='word_1_206' title='bbox 611 2561 796 2645; x_wconf 88' lang='lat' dir='ltr'>hujus</span> <span class='ocrx_word' id='word_1_207' title='bbox 841 2582 1052 2629; x_wconf 89' lang='lat' dir='ltr'>versus</span> <span class='ocrx_word' id='word_1_208' title='bbox 1096 2565 1331 2630; x_wconf 83' lang='lat' dir='ltr'>dicere:</span> <span class='ocrx_word' id='word_1_209' title='bbox 1379 2566 1446 2631; x_wconf 90' lang='lat' dir='ltr'>Si</span> <span class='ocrx_word' id='word_1_210' title='bbox 1488 2568 1742 2649; x_wconf 87' lang='lat' dir='ltr'>rejectio</span> <span class='ocrx_word' id='word_1_211' title='bbox 1766 2568 1809 2633; x_wconf 90' lang='lat' dir='ltr'><strong>J</strong></span> <span class='ocrx_word' id='word_1_212' title='bbox 1812 2569 2151 2632; x_wconf 88' lang='lat' dir='ltr'>udaeorum</span> <span class='ocrx_word' id='word_1_213' title='bbox 2198 2565 2437 2632; x_wconf 87' lang='lat' dir='ltr'>occasio</span> <span class='ocrx_word' id='word_1_214' title='bbox 2480 2564 2622 2643; x_wconf 87' lang='lat' dir='ltr'>fuit,</span> <span class='ocrx_word' id='word_1_215' title='bbox 2667 2564 2741 2627; x_wconf 92' lang='lat' dir='ltr'>ut</span> <span class='ocrx_word' id='word_1_216' title='bbox 2770 2561 3008 2646; x_wconf 85' lang='lat' dir='ltr'>gentiles</span> 
     </span>
     <span class='ocr_line' id='line_1_25' title="bbox 608 2660 3007 2750; baseline -0.001 -24"><span class='ocrx_word' id='word_1_217' title='bbox 608 2662 949 2746; x_wconf 88' lang='lat' dir='ltr'>gratiarum</span> <span class='ocrx_word' id='word_1_218' title='bbox 1015 2665 1250 2731; x_wconf 89' lang='lat' dir='ltr'>divitiis</span> <span class='ocrx_word' id='word_1_219' title='bbox 1315 2668 1380 2731; x_wconf 91' lang='lat' dir='ltr'>in</span> <span class='ocrx_word' id='word_1_220' title='bbox 1443 2666 1688 2733; x_wconf 76' lang='lat' dir='ltr'>Christo</span> <span class='ocrx_word' id='word_1_221' title='bbox 1754 2668 2101 2733; x_wconf 88' lang='lat' dir='ltr'>ditarentur</span> <span class='ocrx_word' id='word_1_222' title='bbox 2118 2717 2132 2746; x_wconf 89' lang='lat'>‚</span> <span class='ocrx_word' id='word_1_223' title='bbox 2200 2686 2385 2750; x_wconf 88' lang='lat' dir='ltr'>quem</span> <span class='ocrx_word' id='word_1_224' title='bbox 2453 2665 2730 2731; x_wconf 89' lang='lat' dir='ltr'>fructum</span> <span class='ocrx_word' id='word_1_225' title='bbox 2797 2660 3007 2728; x_wconf 88' lang='lat' dir='ltr'>adferet</span> 
     </span>
     <span class='ocr_line' id='line_1_26' title="bbox 529 2763 3007 2851; baseline 0.001 -24"><span class='ocrx_word' id='word_1_226' title='bbox 529 2782 548 2801; x_wconf 73' lang='lat'>⁸</span> <span class='ocrx_word' id='word_1_227' title='bbox 608 2763 970 2829; x_wconf 87' lang='lat' dir='ltr'>universalis</span> <span class='ocrx_word' id='word_1_228' title='bbox 1012 2764 1390 2833; x_wconf 88' lang='lat' dir='ltr'>Judaeorum</span> <span class='ocrx_word' id='word_1_229' title='bbox 1440 2770 1516 2833; x_wconf 87' lang='lat' dir='ltr'>ad</span> <span class='ocrx_word' id='word_1_230' title='bbox 1563 2768 1883 2834; x_wconf 86' lang='lat' dir='ltr'>Christum</span> <span class='ocrx_word' id='word_1_231' title='bbox 1930 2769 2243 2835; x_wconf 88' lang='lat' dir='ltr'>conversio</span> <span class='ocrx_word' id='word_1_232' title='bbox 2263 2770 2293 2831; x_wconf 68' lang='lat'><em>2</em></span> <span class='ocrx_word' id='word_1_233' title='bbox 2350 2787 2535 2851; x_wconf 91' lang='lat' dir='ltr'>quem</span> <span class='ocrx_word' id='word_1_234' title='bbox 2582 2767 2799 2843; x_wconf 88' lang='lat' dir='ltr'>alium,</span> <span class='ocrx_word' id='word_1_235' title='bbox 2844 2780 3007 2848; x_wconf 79' lang='lat' dir='ltr'>quam</span> 
     </span>
     <span class='ocr_line' id='line_1_27' title="bbox 609 2860 3007 2935; baseline -0.002 -6"><span class='ocrx_word' id='word_1_236' title='bbox 609 2865 1016 2931; x_wconf 89' lang='lat' dir='ltr'>universalem</span> <span class='ocrx_word' id='word_1_237' title='bbox 1063 2871 1448 2934; x_wconf 90' lang='lat' dir='ltr'>mortuorum</span> <span class='ocrx_word' id='word_1_238' title='bbox 1492 2871 2045 2935; x_wconf 79' lang='lat' dir='ltr'>resurrectionem?</span> <span class='ocrx_word' id='word_1_239' title='bbox 2097 2908 2158 2916; x_wconf 92' lang='lat'><strong>—</strong></span> <span class='ocrx_word' id='word_1_240' title='bbox 2216 2869 2340 2935; x_wconf 88' lang='lat' dir='ltr'>Seu</span> <span class='ocrx_word' id='word_1_241' title='bbox 2406 2869 2593 2934; x_wconf 90' lang='lat' dir='ltr'>aliis</span> <span class='ocrx_word' id='word_1_242' title='bbox 2661 2868 2898 2932; x_wconf 87' lang='lat' dir='ltr'>verbis:</span> <span class='ocrx_word' id='word_1_243' title='bbox 2955 2860 3007 2926; x_wconf 86' lang='lat' dir='ltr'>Si</span> 
     </span>
     <span class='ocr_line' id='line_1_28' title="bbox 613 2966 3005 3054; baseline -0.001 -24"><span class='ocrx_word' id='word_1_244' title='bbox 613 2966 1048 3035; x_wconf 89' lang='lat' dir='ltr'>obstinatio</span> <span class='ocrx_word' id='word_1_245' title='bbox 1123 2969 1502 3035; x_wconf 84' lang='lat' dir='ltr'>Judaeorum</span> <span class='ocrx_word' id='word_1_246' title='bbox 1570 2972 1950 3037; x_wconf 88' lang='lat' dir='ltr'>occasionem</span> <span class='ocrx_word' id='word_1_247' title='bbox 2019 2971 2308 3054; x_wconf 87' lang='lat' dir='ltr'>praebuit</span> <span class='ocrx_word' id='word_1_248' title='bbox 2374 2971 2451 3035; x_wconf 91' lang='lat' dir='ltr'>ad</span> <span class='ocrx_word' id='word_1_249' title='bbox 2525 2966 3005 3036; x_wconf 89' lang='lat' dir='ltr'>annunciandum</span> 
     </span>
     <span class='ocr_line' id='line_1_29' title="bbox 614 3064 3006 3157; baseline -0.002 -25"><span class='ocrx_word' id='word_1_250' title='bbox 614 3068 1004 3153; x_wconf 88' lang='lat' dir='ltr'>evangelium</span> <span class='ocrx_word' id='word_1_251' title='bbox 1062 3072 1126 3135; x_wconf 94' lang='lat' dir='ltr'>in</span> <span class='ocrx_word' id='word_1_252' title='bbox 1169 3071 1451 3138; x_wconf 87' lang='lat' dir='ltr'>universo</span> <span class='ocrx_word' id='word_1_253' title='bbox 1496 3074 1758 3150; x_wconf 89' lang='lat' dir='ltr'>mundo,</span> <span class='ocrx_word' id='word_1_254' title='bbox 1800 3064 1882 3138; x_wconf 37' lang='lat' dir='ltr'>*si</span> <span class='ocrx_word' id='word_1_255' title='bbox 1928 3092 2071 3157; x_wconf 90' lang='lat' dir='ltr'>ergo</span> <span class='ocrx_word' id='word_1_256' title='bbox 2126 3073 2236 3137; x_wconf 87' lang='lat' dir='ltr'>illa</span> <span class='ocrx_word' id='word_1_257' title='bbox 2289 3071 2655 3155; x_wconf 85' lang='lat' dir='ltr'>designabat</span> <span class='ocrx_word' id='word_1_258' title='bbox 2718 3068 3006 3135; x_wconf 89' lang='lat' dir='ltr'>initium</span> 
     </span>
     <span class='ocr_line' id='line_1_30' title="bbox 611 3168 3009 3258; baseline -0.002 -24"><span class='ocrx_word' id='word_1_259' title='bbox 611 3170 832 3235; x_wconf 91' lang='lat' dir='ltr'>salutis</span> <span class='ocrx_word' id='word_1_260' title='bbox 879 3172 1160 3237; x_wconf 90' lang='lat' dir='ltr'>omnium</span> <span class='ocrx_word' id='word_1_261' title='bbox 1203 3173 1550 3253; x_wconf 88' lang='lat' dir='ltr'>hominum,</span> <span class='ocrx_word' id='word_1_262' title='bbox 1597 3175 1726 3239; x_wconf 87' lang='lat' dir='ltr'>scil.</span> <span class='ocrx_word' id='word_1_263' title='bbox 1755 3195 1863 3258; x_wconf 89' lang='lat' dir='ltr'>per</span> <span class='ocrx_word' id='word_1_264' title='bbox 1898 3175 2441 3257; x_wconf 63' lang='lat' dir='ltr'>justificationem</span> <span class='ocrx_word' id='word_1_265' title='bbox 2486 3172 2765 3256; x_wconf 88' lang='lat' dir='ltr'>plenaria</span> <span class='ocrx_word' id='word_1_266' title='bbox 2800 3170 2846 3237; x_wconf 88' lang='lat' dir='ltr'><strong>J</strong></span> <span class='ocrx_word' id='word_1_267' title='bbox 2848 3168 3009 3235; x_wconf 80' lang='lat' dir='ltr'>udae-</span> 
     </span>
     <span class='ocr_line' id='line_1_31' title="bbox 611 3271 3005 3361; baseline -0.003 -23"><span class='ocrx_word' id='word_1_268' title='bbox 611 3291 788 3338; x_wconf 88' lang='lat' dir='ltr'>orum</span> <span class='ocrx_word' id='word_1_269' title='bbox 813 3274 890 3337; x_wconf 89' lang='lat' dir='ltr'>ad</span> <span class='ocrx_word' id='word_1_270' title='bbox 914 3275 1275 3359; x_wconf 88' lang='lat' dir='ltr'>religionem</span> <span class='ocrx_word' id='word_1_271' title='bbox 1299 3276 1707 3341; x_wconf 85' lang='lat' dir='ltr'>christianam</span> <span class='ocrx_word' id='word_1_272' title='bbox 1742 3296 1779 3342; x_wconf 93' lang='lat' dir='ltr'>a</span> <span class='ocrx_word' id='word_1_273' title='bbox 1794 3297 1824 3341; x_wconf 88' lang='lat' dir='ltr'>s</span> <span class='ocrx_word' id='word_1_274' title='bbox 1844 3297 1872 3341; x_wconf 89' lang='lat' dir='ltr'>s</span> <span class='ocrx_word' id='word_1_275' title='bbox 1887 3298 1927 3342; x_wconf 89' lang='grc' dir='ltr'>ιι</span> <span class='ocrx_word' id='word_1_276' title='bbox 1942 3296 2057 3361; x_wconf 90' lang='lat' dir='ltr'>mp</span> <span class='ocrx_word' id='word_1_277' title='bbox 2072 3277 2129 3340; x_wconf 91' lang='lat' dir='ltr'>ti</span> <span class='ocrx_word' id='word_1_278' title='bbox 2144 3295 2179 3341; x_wconf 95' lang='lat' dir='ltr'>o</span> <span class='ocrx_word' id='word_1_279' title='bbox 2216 3275 2573 3359; x_wconf 86' lang='lat' dir='ltr'>designabit</span> <span class='ocrx_word' id='word_1_280' title='bbox 2592 3271 3005 3357; x_wconf 80' lang='lat' dir='ltr'>perfectionem</span> 
     </span>
     <span class='ocr_line' id='line_1_32' title="bbox 613 3374 2253 3464; baseline 0.003 -25"><span class='ocrx_word' id='word_1_281' title='bbox 613 3374 1268 3462; x_wconf 87' lang='lat' dir='ltr'>(consummationem)</span> <span class='ocrx_word' id='word_1_282' title='bbox 1315 3378 1536 3443; x_wconf 86' lang='lat' dir='ltr'>salutis</span> <span class='ocrx_word' id='word_1_283' title='bbox 1584 3376 1722 3463; x_wconf 87' lang='lat' dir='ltr'>(seu</span> <span class='ocrx_word' id='word_1_284' title='bbox 1764 3378 2253 3464; x_wconf 89' lang='lat' dir='ltr'>redemptionis).</span> 
     </span>
    </p>

    <p class='ocr_par' dir='ltr' id='par_1_4' title="bbox 606 3470 3006 4576">
     <span class='ocr_line' id='line_1_33' title="bbox 813 3470 3006 3566; baseline -0.004 -24"><span class='ocrx_word' id='word_1_285' title='bbox 813 3477 890 3542; x_wconf 91' lang='lat' dir='ltr'>V.</span> <span class='ocrx_word' id='word_1_286' title='bbox 940 3478 1034 3543; x_wconf 85' lang='lat'>16.</span> <span class='ocrx_word' id='word_1_287' title='bbox 1103 3478 1226 3559; x_wconf 73' lang='lat' dir='ltr'>„Si</span> <span class='ocrx_word' id='word_1_288' title='bbox 1264 3502 1404 3545; x_wconf 83' lang='lat' dir='ltr'>vero</span> <span class='ocrx_word' id='word_1_289' title='bbox 1437 3480 1761 3566; x_wconf 76' lang='lat' dir='ltr'>primitiae</span> <span class='ocrx_word' id='word_1_290' title='bbox 1802 3490 2069 3560; x_wconf 78' lang='lat' dir='ltr'>sanctae,</span> <span class='ocrx_word' id='word_1_291' title='bbox 2112 3482 2295 3545; x_wconf 80' lang='lat' dir='ltr'>etiam</span> <span class='ocrx_word' id='word_1_292' title='bbox 2336 3500 2584 3558; x_wconf 78' lang='lat' dir='ltr'>massa;</span> <span class='ocrx_word' id='word_1_293' title='bbox 2646 3485 2703 3539; x_wconf 77' lang='lat' dir='ltr'>et</span> <span class='ocrx_word' id='word_1_294' title='bbox 2744 3476 2802 3539; x_wconf 79' lang='lat' dir='ltr'>si</span> <span class='ocrx_word' id='word_1_295' title='bbox 2840 3470 3006 3537; x_wconf 70' lang='lat' dir='ltr'>radim</span> 
     </span>
     <span class='ocr_line' id='line_1_34' title="bbox 609 3572 3004 3657; baseline -0.001 -18"><span class='ocrx_word' id='word_1_296' title='bbox 609 3586 853 3657; x_wconf 78' lang='lat' dir='ltr'>sancta,</span> <span class='ocrx_word' id='word_1_297' title='bbox 918 3579 1100 3642; x_wconf 71' lang='lat' dir='ltr'>etiam</span> <span class='ocrx_word' id='word_1_298' title='bbox 1142 3582 1370 3645; x_wconf 79' lang='lat' dir='ltr'>rami.“</span> <span class='ocrx_word' id='word_1_299' title='bbox 1456 3582 1687 3647; x_wconf 87' lang='lat' dir='ltr'>Versus</span> <span class='ocrx_word' id='word_1_300' title='bbox 1752 3582 1853 3646; x_wconf 89' lang='lat' dir='ltr'>hic</span> <span class='ocrx_word' id='word_1_301' title='bbox 1912 3582 2186 3647; x_wconf 86' lang='lat' dir='ltr'>continet</span> <span class='ocrx_word' id='word_1_302' title='bbox 2244 3582 2309 3645; x_wconf 90' lang='lat' dir='ltr'>in</span> <span class='ocrx_word' id='word_1_303' title='bbox 2354 3580 2556 3645; x_wconf 80' lang='lat' dir='ltr'>forma</span> <span class='ocrx_word' id='word_1_304' title='bbox 2615 3572 3004 3643; x_wconf 86' lang='lat' dir='ltr'>conclusionis</span> 
     </span>
     <span class='ocr_line' id='line_1_35' title="bbox 608 3672 3001 3767; baseline -0.002 -24"><span class='ocrx_word' id='word_1_305' title='bbox 608 3678 1040 3762; x_wconf 78' lang='lat' dir='ltr'>hypotheticae</span> <span class='ocrx_word' id='word_1_306' title='bbox 1083 3682 1769 3748; x_wconf 86' lang='lat' dir='ltr'>confirmationem</span> <span class='ocrx_word' id='word_1_307' title='bbox 1816 3683 1967 3767; x_wconf 89' lang='lat' dir='ltr'>spei,</span> <span class='ocrx_word' id='word_1_308' title='bbox 2016 3702 2202 3766; x_wconf 90' lang='lat' dir='ltr'>quam</span> <span class='ocrx_word' id='word_1_309' title='bbox 2242 3702 2422 3747; x_wconf 90' lang='lat' dir='ltr'>versu</span> <span class='ocrx_word' id='word_1_310' title='bbox 2466 3678 2858 3763; x_wconf 87' lang='lat' dir='ltr'>praecedenti</span> <span class='ocrx_word' id='word_1_311' title='bbox 2896 3672 3001 3739; x_wconf 90' lang='lat' dir='ltr'>edi-</span> 
     </span>
     <span class='ocr_line' id='line_1_36' title="bbox 609 3777 2999 3867; baseline -0.002 -23"><span class='ocrx_word' id='word_1_312' title='bbox 609 3783 782 3845; x_wconf 84' lang='lat' dir='ltr'>xerat</span> <span class='ocrx_word' id='word_1_313' title='bbox 825 3799 870 3846; x_wconf 92' lang='lat' dir='ltr'>s.</span> <span class='ocrx_word' id='word_1_314' title='bbox 899 3782 1230 3865; x_wconf 78' lang='lat' dir='ltr'>apostoluS,</span> <span class='ocrx_word' id='word_1_315' title='bbox 1277 3785 1402 3849; x_wconf 85' lang='lat' dir='ltr'>scil.</span> <span class='ocrx_word' id='word_1_316' title='bbox 1450 3785 1598 3864; x_wconf 85' lang='lat' dir='ltr'>fore,</span> <span class='ocrx_word' id='word_1_317' title='bbox 1642 3788 1713 3850; x_wconf 88' lang='lat' dir='ltr'>ut</span> <span class='ocrx_word' id='word_1_318' title='bbox 1754 3785 2085 3867; x_wconf 90' lang='lat' dir='ltr'>aliquando</span> <span class='ocrx_word' id='word_1_319' title='bbox 2110 3784 2312 3849; x_wconf 90' lang='lat' dir='ltr'>omnis</span> <span class='ocrx_word' id='word_1_320' title='bbox 2358 3783 2621 3867; x_wconf 88' lang='lat' dir='ltr'>populus</span> <span class='ocrx_word' id='word_1_321' title='bbox 2644 3777 2999 3846; x_wconf 79' lang='lat' dir='ltr'>Israelitious</span> 
     </span>
     <span class='ocr_line' id='line_1_37' title="bbox 611 3879 3001 3975; baseline 0.001 -28"><span class='ocrx_word' id='word_1_322' title='bbox 611 3883 688 3947; x_wconf 86' lang='lat' dir='ltr'>ad</span> <span class='ocrx_word' id='word_1_323' title='bbox 755 3879 1078 3947; x_wconf 88' lang='lat' dir='ltr'>Christum</span> <span class='ocrx_word' id='word_1_324' title='bbox 1138 3887 1544 3951; x_wconf 88' lang='lat' dir='ltr'>convertatur.</span> <span class='ocrx_word' id='word_1_325' title='bbox 1638 3886 1959 3953; x_wconf 86' lang='lat' dir='ltr'>Sententia</span> <span class='ocrx_word' id='word_1_326' title='bbox 2015 3886 2151 3969; x_wconf 89' lang='lat' dir='ltr'>ipsa</span> <span class='ocrx_word' id='word_1_327' title='bbox 2206 3885 2301 3951; x_wconf 87' lang='lat' dir='ltr'>est</span> <span class='ocrx_word' id='word_1_328' title='bbox 2356 3884 2647 3967; x_wconf 88' lang='lat' dir='ltr'>tropice</span> <span class='ocrx_word' id='word_1_329' title='bbox 2682 3894 3001 3975; x_wconf 71' lang='lat' dir='ltr'>,expressa3</span> 
     </span>
     <span class='ocr_line' id='line_1_38' title="bbox 607 3982 3003 4071; baseline -0.003 -24"><span class='ocrx_word' id='word_1_330' title='bbox 607 3982 948 4047; x_wconf 85' lang='lat' dir='ltr'>similitudo</span> <span class='ocrx_word' id='word_1_331' title='bbox 993 3982 1122 4048; x_wconf 90' lang='lat' dir='ltr'>scil.</span> <span class='ocrx_word' id='word_1_332' title='bbox 1152 3985 1480 4069; x_wconf 88' lang='lat' dir='ltr'>desumpta</span> <span class='ocrx_word' id='word_1_333' title='bbox 1523 3992 1618 4052; x_wconf 85' lang='lat' dir='ltr'>est</span> <span class='ocrx_word' id='word_1_334' title='bbox 1652 3987 1879 4071; x_wconf 87' lang='lat' dir='ltr'>partim</span> <span class='ocrx_word' id='word_1_335' title='bbox 1926 4006 1996 4051; x_wconf 91' lang='lat' dir='ltr'>ex</span> <span class='ocrx_word' id='word_1_336' title='bbox 2022 4004 2111 4064; x_wconf 90' lang='lat' dir='ltr'>eo,</span> <span class='ocrx_word' id='word_1_337' title='bbox 2158 3987 2321 4068; x_wconf 87' lang='lat' dir='ltr'>quod</span> <span class='ocrx_word' id='word_1_338' title='bbox 2365 3986 2427 4050; x_wconf 93' lang='lat' dir='ltr'>in</span> <span class='ocrx_word' id='word_1_339' title='bbox 2472 3986 2641 4068; x_wconf 90' lang='lat' dir='ltr'>lege</span> <span class='ocrx_word' id='word_1_340' title='bbox 2685 3982 3003 4049; x_wconf 86' lang='lat' dir='ltr'>Mosaica</span> 
     </span>
     <span class='ocr_line' id='line_1_39' title="bbox 606 4082 3003 4170; baseline -0.001 -23"><span class='ocrx_word' id='word_1_341' title='bbox 606 4082 815 4162; x_wconf 88' lang='lat' dir='ltr'>fiebat,</span> <span class='ocrx_word' id='word_1_342' title='bbox 880 4084 1109 4167; x_wconf 86' lang='lat' dir='ltr'>partim</span> <span class='ocrx_word' id='word_1_343' title='bbox 1177 4105 1246 4150; x_wconf 89' lang='lat' dir='ltr'>ex</span> <span class='ocrx_word' id='word_1_344' title='bbox 1311 4087 1448 4170; x_wconf 89' lang='lat' dir='ltr'>ipsa</span> <span class='ocrx_word' id='word_1_345' title='bbox 1511 4093 1808 4167; x_wconf 87' lang='lat' dir='ltr'>natura,</span> <span class='ocrx_word' id='word_1_346' title='bbox 1874 4089 1952 4153; x_wconf 93' lang='lat' dir='ltr'>ab</span> <span class='ocrx_word' id='word_1_347' title='bbox 2018 4087 2300 4153; x_wconf 89' lang='lat' dir='ltr'>arbore.</span> <span class='ocrx_word' id='word_1_348' title='bbox 2364 4128 2439 4137; x_wconf 83' lang='lat'>--</span> <span class='ocrx_word' id='word_1_349' title='bbox 2492 4084 2535 4167; x_wconf 81' lang='grc' dir='ltr'><em>ἠ</em></span> <span class='ocrx_word' id='word_1_350' title='bbox 2590 4084 2825 4169; x_wconf 78' lang='grc' dir='ltr'><strong><em>ἀπαρχὴ</em></strong></span> <span class='ocrx_word' id='word_1_351' title='bbox 2880 4082 3003 4147; x_wconf 84' lang='lat' dir='ltr'>sunt</span> 
     </span>
     <span class='ocr_line' id='line_1_40' title="bbox 607 4184 3002 4273; baseline 0.002 -26"><span class='ocrx_word' id='word_1_352' title='bbox 607 4184 1037 4267; x_wconf 88' lang='lat' dir='ltr'>primitiae,</span> <span class='ocrx_word' id='word_1_353' title='bbox 1084 4204 1240 4269; x_wconf 90' lang='lat' dir='ltr'>quae</span> <span class='ocrx_word' id='word_1_354' title='bbox 1287 4207 1358 4253; x_wconf 90' lang='lat' dir='ltr'>ex</span> <span class='ocrx_word' id='word_1_355' title='bbox 1403 4189 1579 4272; x_wconf 90' lang='lat' dir='ltr'>copia</span> <span class='ocrx_word' id='word_1_356' title='bbox 1622 4190 1874 4273; x_wconf 87' lang='lat' dir='ltr'>frugum</span> <span class='ocrx_word' id='word_1_357' title='bbox 1920 4190 2051 4253; x_wconf 92' lang='lat' dir='ltr'>Deo</span> <span class='ocrx_word' id='word_1_358' title='bbox 2096 4190 2561 4264; x_wconf 85' lang='lat' dir='ltr'>consecrantur;</span> <span class='ocrx_word' id='word_1_359' title='bbox 2607 4188 2667 4252; x_wconf 88' lang='lat' dir='ltr'>h.</span> <span class='ocrx_word' id='word_1_360' title='bbox 2694 4188 2741 4253; x_wconf 93' lang='lat'>1.</span> <span class='ocrx_word' id='word_1_361' title='bbox 2776 4186 3002 4269; x_wconf 79' lang='lat' dir='ltr'>propter</span> 
     </span>
     <span class='ocr_line' id='line_1_41' title="bbox 609 4280 2998 4375; baseline 0 -26"><span class='ocrx_word' id='word_1_362' title='bbox 609 4303 824 4350; x_wconf 87' lang='lat' dir='ltr'>vocem</span> <span class='ocrx_word' id='word_1_363' title='bbox 869 4286 1116 4369; x_wconf 66' lang='grc' dir='ltr'><strong><em>φύραμα</em></strong></span> <span class='ocrx_word' id='word_1_364' title='bbox 1155 4288 1336 4375; x_wconf 90' lang='lat' dir='ltr'>(quae</span> <span class='ocrx_word' id='word_1_365' title='bbox 1381 4290 1638 4355; x_wconf 90' lang='lat' dir='ltr'>denotat</span> <span class='ocrx_word' id='word_1_366' title='bbox 1682 4308 1956 4355; x_wconf 83' lang='lat' dir='ltr'>massam</span> <span class='ocrx_word' id='word_1_367' title='bbox 1992 4309 2100 4354; x_wconf 90' lang='lat' dir='ltr'>seu</span> <span class='ocrx_word' id='word_1_368' title='bbox 2143 4290 2411 4355; x_wconf 88' lang='lat' dir='ltr'>farinam</span> <span class='ocrx_word' id='word_1_369' title='bbox 2456 4307 2618 4371; x_wconf 89' lang='lat' dir='ltr'>aqua</span> <span class='ocrx_word' id='word_1_370' title='bbox 2651 4280 2998 4365; x_wconf 86' lang='lat' dir='ltr'>subactam),</span> 
     </span>
     <span class='ocr_line' id='line_1_42' title="bbox 608 4386 2996 4476; baseline -0.001 -25"><span class='ocrx_word' id='word_1_371' title='bbox 608 4386 918 4470; x_wconf 83' lang='lat' dir='ltr'>significat</span> <span class='ocrx_word' id='word_1_372' title='bbox 961 4408 1224 4473; x_wconf 90' lang='lat' dir='ltr'>panem</span> <span class='ocrx_word' id='word_1_373' title='bbox 1268 4391 1841 4476; x_wconf 85' lang='lat' dir='ltr'>primitiarum.</span> <span class='ocrx_word' id='word_1_374' title='bbox 1925 4390 2118 4457; x_wconf 85' lang='lat' dir='ltr'>Juxta</span> <span class='ocrx_word' id='word_1_375' title='bbox 2159 4392 2367 4474; x_wconf 89' lang='lat' dir='ltr'>legem</span> <span class='ocrx_word' id='word_1_376' title='bbox 2412 4390 2758 4456; x_wconf 86' lang='lat' dir='ltr'>Mosaicam</span> <span class='ocrx_word' id='word_1_377' title='bbox 2801 4387 2996 4474; x_wconf 89' lang='lat' dir='ltr'>(Num.</span> 
     </span>
     <span class='ocr_line' id='line_1_43' title="bbox 608 4485 3000 4576; baseline -0.001 -24"><span class='ocrx_word' id='word_1_378' title='bbox 608 4485 707 4568; x_wconf 84' lang='lat'>15,</span> <span class='ocrx_word' id='word_1_379' title='bbox 756 4489 1084 4575; x_wconf 83' lang='lat'>19—21.)‚</span> <span class='ocrx_word' id='word_1_380' title='bbox 1153 4490 1208 4556; x_wconf 87' lang='lat' dir='ltr'>si</span> <span class='ocrx_word' id='word_1_381' title='bbox 1261 4510 1470 4558; x_wconf 86' lang='lat' dir='ltr'>massa</span> <span class='ocrx_word' id='word_1_382' title='bbox 1526 4492 1783 4559; x_wconf 85' lang='lat' dir='ltr'>subacta</span> <span class='ocrx_word' id='word_1_383' title='bbox 1828 4493 1958 4571; x_wconf 87' lang='lat' dir='ltr'>est,</span> <span class='ocrx_word' id='word_1_384' title='bbox 2024 4510 2167 4575; x_wconf 85' lang='lat' dir='ltr'>pars</span> <span class='ocrx_word' id='word_1_385' title='bbox 2224 4493 2397 4576; x_wconf 86' lang='lat' dir='ltr'>prius</span> <span class='ocrx_word' id='word_1_386' title='bbox 2442 4490 2636 4558; x_wconf 85' lang='lat' dir='ltr'>adimi</span> <span class='ocrx_word' id='word_1_387' title='bbox 2696 4495 2758 4556; x_wconf 88' lang='lat' dir='ltr'>et</span> <span class='ocrx_word' id='word_1_388' title='bbox 2798 4508 2870 4554; x_wconf 88' lang='lat' dir='ltr'>ex</span> <span class='ocrx_word' id='word_1_389' title='bbox 2906 4485 3000 4550; x_wconf 83' lang='lat' dir='ltr'>illa</span> 
     </span>
    </p>
   </div>
   <div class='ocr_carea' id='block_1_4' title="bbox 3158 1366 3167 1841">
    <p class='ocr_par' dir='ltr' id='par_1_5' title="bbox 3158 1366 3167 1883">
     <span class='ocr_line' id='line_1_44' title="bbox 3158 1366 3167 1841; baseline 0 24"><span class='ocrx_word' id='word_1_390' title='bbox 3158 1366 3167 1841; x_wconf 59' lang='lat' dir='ltr'>i</span> 
     </span>
    </p>
   </div>
  </div>
 </body>
</html>
