3234 4992
557 246 638 310 74
1588 247 1697 300 οφ.
1724 250 1780 291 v.
1804 259 1850 290 v.
1877 250 1919 290 c.

557 430 883 501 adhibetur
926 432 1001 496 de
1045 432 1238 498 effuso
1284 433 1600 517 Spiritu
1646 438 1971 512 sancto,
2037 434 2142 500 hic
2185 451 2328 500 vero
2394 434 2470 497 de
2534 431 2989 497 charitate

565 534 613 594 Ι)
641 534 709 594 ei
749 532 1135 598 abundanter
1177 534 1372 599 effusa
1414 536 1481 601 in
1523 537 1710 600 corda
1745 535 2248 618 justificatorum.
2317 534 2491 599 Haec
2536 534 2807 598 charitas
2857 531 3000 596 Dei

557 634 942 699 abundanter
984 634 1183 699 effusa
1227 654 1372 719 erga
1415 654 1537 715 eos,
1581 638 1690 719 qui
1728 636 2169 720 justificantur,
2236 636 2301 701 in
2344 653 2415 700 eo
2462 635 2590 714 est,
2633 633 2795 716 quod
2840 632 2999 697 illis

553 736 826 818 priscum
883 736 1073 801 donat
1137 736 1539 819 Spiritum
1608 738 2014 813 sanctum,
2080 738 2188 820 qui
2255 737 2320 799 in
2387 736 2475 800 eis
2543 736 2839 817 tanquam
2920 733 3005 796 in

557 838 804 918 templis
863 836 990 900 suis
1053 837 1135 921 (1.
1185 836 1331 906 Cor.v
1385 840 1444 917 3,
1515 840 1643 923 16.)
1707 838 2394 904 substantialiter
2457 835 2785 914 inhabitat,
2862 851 2997 898 eos

549 938 753 1018 justes
801 937 861 1001 et
902 938 1223 1022 adoptivos
1267 939 1426 1004 filios
1473 940 1585 1004 Dei
1630 939 1798 1018 facit,
1859 939 2229 1018 sanctificat,
2284 941 2367 1017 et,
2425 937 2520 1001 uti
2562 956 2607 1001 s.
2670 937 2865 1000 Petr
2886 955 2938 1000 u
2957 955 2996 1000 s

561 1038 649 1118 [2.
697 1038 854 1102 Petr.
905 1038 962 1118 1,
1007 1038 1097 1123 4.)
1141 1040 1312 1118 dicit,
1369 1058 1475 1105 eos
1520 1041 1713 1106 efficit
1758 1041 2082 1105 divinae
2127 1039 2559 1105 consortes
2604 1040 3001 1102 naturae.

553 1134 617 1202 Si
653 1137 979 1218 justificati
1025 1139 1311 1204 dicuntur
1353 1142 1777 1206 consortes
1823 1141 2153 1206 divinae
2196 1142 2574 1216 naturae,
2622 1138 2685 1201 id
2727 1136 3007 1202 nonita

545 1238 1021 1322 Intelligendum
1067 1244 1180 1320 est,
1247 1259 1319 1306 ac
1384 1242 1438 1306 si
1490 1243 1768 1307 humana
1832 1260 2044 1307 eorum
2111 1245 2333 1306 natura
2395 1239 2831 1304 immutaretur
2920 1238 3004 1302 10

549 1342 918 1406 divinam
964 1341 1102 1426 (seu
1151 1361 1439 1408 revera
1496 1344 1937 1428 deificaretur),
1983 1347 2092 1408 aut
2143 1341 2692 1427 hypostatice
2748 1340 3000 1405 anima

545 1442 824 1506 uniretur
867 1443 1110 1508 divinae
1153 1448 1434 1522 naturae,
1498 1449 1608 1508 aut
1672 1446 1884 1510 anima
1950 1464 2087 1509 cum
2137 1444 2271 1508 Deo
2334 1461 2490 1508 una
2551 1444 2720 1506 'esset
2783 1441 2999 1506 sub-

545 1544 899 1621 stautia3
967 1544 1078 1608 sed
1142 1544 1310 1609 istud
1377 1547 1757 1611 consortium
1818 1546 2066 1611 divinae
2109 1548 2369 1610 naturae
2413 1543 2700 1609 consistit
2760 1542 2824 1606 in
2879 1560 2998 1620 eo,

545 1646 709 1726 quud
757 1664 858 1726 per
902 1644 1200 1729 Spiritum
1244 1649 1548 1723 sanctum,
1617 1646 2117 1712 substantialiter
2181 1645 2247 1710 in
2312 1644 2668 1727 justificatis
2710 1642 2996 1707 inhabi-

549 1750 785 1810 tantem
829 1749 893 1810 et
935 1747 1259 1812 animabus
1304 1766 1515 1812 eorum
1561 1747 1858 1831 peculiari
1906 1751 1969 1810 et
1990 1745 2292 1812 ineffabili
2316 1746 2500 1810 modo
2525 1765 2593 1810 se
2614 1745 2990 1821 unientem,

545 1846 605 1910 in
665 1846 1104 1930 justificatione
1169 1849 1382 1914 anima
1444 1852 1658 1914 nostra
1724 1867 1911 1931 supra
1975 1852 2263 1913 naturam
2331 1847 2830 1912 sublevatur
2883 1845 2996 1909 in

545 1950 793 2014 tritam
839 1948 986 2013 Dei
1029 1948 1217 2033 (Iren.
1261 1950 1301 2014 l.
1330 1951 1388 2014 5.
1415 1969 1467 2014 c.
1493 1950 1582 2034 9.)
1650 1949 1968 2028 nimirum,
2011 1949 2197 2014 ntis,
2245 1947 2605 2013 Thomas
2648 1945 2828 2029 (1.11.
2856 1964 2993 2028 qu,

549 2050 685 2114 110*
733 2070 781 2114 a.
829 2049 918 2133 4.)
963 2050 1130 2128 dicit,
1193 2051 1532 2116 secundum
1591 2051 1904 2134 quandam
1971 2049 2636 2115 similitudinem
2700 2046 2993 2131 partici-

545 2150 745 2230 pando
793 2153 1076 2216 naturam
1136 2152 1427 2230 divinam,
1499 2152 1740 2217 scilicet
1803 2152 2086 2216 divinum
2154 2169 2366 2228 esse,
2428 2165 2992 2232 cognoscere,

541 2270 577 2310 v
601 2270 633 2314 e
653 2250 705 2314 ll
729 2270 761 2314 e
824 2252 886 2315 et
950 2252 1258 2329 vivere3
1326 2271 1399 2316 ex
1463 2270 1586 2334 qua
1664 2252 2115 2335 supernaturali
2192 2251 2644 2316 assimilatione
2708 2248 2989 2316 animae

541 2354 789 2414 nostrae
833 2369 976 2415 cum
1023 2353 1244 2417 natura
1286 2353 1498 2417 divina
1541 2353 1735 2417 oritur
1763 2353 1883 2436 (uti
1907 2353 2060 2417 dicit
2103 2373 2153 2418 s,
2200 2350 2575 2436 Thomas)
2622 2350 2982 2417 divinus

541 2450 793 2534 quidam
838 2455 1057 2532 status,
1105 2471 1352 2518 summa
1395 2453 1641 2518 animae
1686 2472 1830 2519 cum
1875 2454 2005 2519 Deo
2049 2455 2215 2533 unio,
2262 2471 2384 2536 qua
2425 2472 2568 2517 vere
2613 2452 2982 2518 divinae

541 2554 860 2634 gloriae
902 2554 1621 2638 perfectionisque
1683 2554 2019 2639 participes
2079 2573 2315 2634 sumus,
2365 2557 2427 2618 et
2473 2554 2610 2618 ideo
2655 2553 2845 2618 evecti
2896 2555 2987 2618 in

545 2654 793 2718 titani
838 2654 981 2719 Dei
1026 2655 1201 2739 eique
1245 2656 1574 2721 assimilati
1618 2655 1928 2721 efficimur
1948 2657 2154 2739 gratia
2177 2654 2524 2738 adoptionis
2569 2653 2746 2718 filii
2788 2653 2979 2720 Dei.

541 2754 709 2818 [tout.
761 2755 926 2820 [licta
969 2757 1027 2836 8,
1072 2756 1128 2820 9.
1168 2757 1211 2842 ¹)

737 2854 809 2921 V.
858 2857 916 2922 6.
961 2905 1002 2938 „
1011 2858 1200 2938 Nam,
1243 2880 1378 2922 cum
1421 2857 1619 2922 adhuc
1660 2858 1895 2942 infimi
1936 2879 2209 2936 essemus,
2262 2856 2537 2922 Christus
2568 2878 2676 2920 suo
2697 2865 2984 2942 tempore

525 2978 649 3042 pre
693 2958 899 3042 impiis
940 2969 1215 3022 mortuus
1257 2964 1401 3023 esff‘.
1448 2958 1624 3039 Quod
1668 2979 1809 3042 spes
1852 2976 1974 3023 non
2018 2958 2386 3043 pudefaciat‚
2434 2959 2652 3042 probat
2694 2956 2980 3024 ulterius

537 3074 605 3122 ex
653 3060 917 3124 morte
963 3058 1210 3140 Christi,
1256 3080 1415 3144 quae
1459 3063 1591 3125 erat
1635 3061 2074 3125 secundum
2122 3061 2365 3124 divinae
2408 3079 2553 3143 erga
2596 3077 2708 3124 nos
2750 3059 2977 3124 chari-

533 3158 685 3222 tatis
729 3162 1180 3241 testimonium,
1227 3166 1290 3227 et
1334 3163 1510 3246 cujus
1553 3180 1776 3247 scopus
1821 3165 1952 3226 erat
1995 3161 2278 3226 liberatio
2321 3161 2530 3225 nostra
2574 3160 2653 3225 ab
2697 3159 2787 3224 ira
2811 3158 2968 3226 Dei.

533 3258 729 3326 Adest
773 3262 872 3328 hic
915 3264 1098 3329 lectio
1143 3264 1491 3329 varians.
1583 3264 1791 3328 Pauca
1852 3265 2058 3328 textus
2126 3264 2526 3327 monumenta
2591 3260 2678 3322 ἔτι
2721 3261 2977 3328 habent

533 3362 609 3422 ab
657 3362 939 3444 initio,
987 3366 1093 3430 sed
1137 3366 1373 3449 reliqua
1414 3366 1605 3430 etiam
1631 3383 1751 3430 1100
1777 3364 2211 3440 consentiunt3
2253 3364 2485 3446 partim
2532 3363 2699 3428 enim
2730 3363 2971 3446 legunt

533 3466 641 3542 rigas
685 3462 785 3542 [ei
828 3465 1190 3546 quidem),
1234 3466 1459 3549 partim
1507 3471 1556 3527 εἰ
1596 3464 1722 3547 γὰρ,
1766 3465 1996 3548 partim
2040 3469 2091 3526 εἰ
2134 3465 2218 3541 δὲ,
2263 3465 2491 3548 partim
2538 3469 2624 3535 εἰς
2664 3467 2742 3541 τί,
2786 3465 2966 3546 quod

533 3562 725 3626 etiam
769 3564 1132 3648 Vulgata
1187 3566 1396 3645 habet,
1444 3585 1600 3650 quae
1644 3567 1901 3650 proinde
1950 3566 2328 3631 sententiam
2352 3567 2651 3649 tanquam
2695 3566 2958 3630 inter-

533 3666 1044 3746 rogationem
1089 3667 1344 3750 accipit:
1389 3671 1477 3732 ut
1510 3666 1698 3749 quid
1727 3668 1991 3732 enim?
2031 3701 2114 3714 -
2154 3667 2519 3732 Aliatextus
2543 3669 2962 3732 monumenta

529 3766 681 3830 iilud
725 3766 811 3826 ἐτι
854 3765 1088 3831 habent
1130 3767 1208 3832 ab
1251 3767 1493 3832 initio
1539 3772 1601 3833 et
1646 3771 1827 3852 post
1870 3767 2163 3830 ἀσθενῶν.
2252 3768 2318 3833 Si
2369 3769 2504 3852 jam
2569 3769 2958 3834 internae

529 3870 793 3930 rationes
839 3870 1216 3951 spectantur,
1275 3870 1476 3949 lectio,
1523 3890 1680 3952 quae
1722 3871 1879 3935 illud
1922 3869 2009 3932 ἑτι
2074 3870 2325 3935 initio
2390 3870 2597 3948 habet,
2670 3868 2953 3952 alioquin

529 3970 835 4034 difficiliur
881 3970 995 4049 est,
1064 3970 1210 4035 hinc
1276 3971 1338 4034 et
1402 3972 1826 4036 verosimilior.
1918 3970 2093 4051 Quod
2154 3971 2356 4054 ipsam
2424 3970 2950 4055 significationem

525 4074 689 4134 vocis
737 4070 820 4134 ἔτι
864 4071 1105 4150 attinet,
1151 4071 1435 4137 denotat:
1503 4074 1795 4152 adhuc,
1864 4076 2080 4156 estque
2124 4072 2430 4155 particula
2494 4072 2942 4154 temporis,

733 4326 765 4394 t}
801 4326 953 4382 Conf.
988 4325 1281 4395 Kleutgen.
1319 4324 1610 4392 Theologie
1646 4323 1740 4378 der
1774 4325 2008 4380 Vorzeit.
2044 4325 2093 4378 2.
2119 4323 2182 4380 Β,
2201 4323 2254 4379 S.
2282 4321 2569 4376 loe-124.
2604 4321 2945 4390 Jungmann.

521 4410 801 4466 Trahi-atus
837 4410 904 4464 de
938 4411 1116 4479 gratia
1150 4411 1202 4466 S.
1237 4409 1525 4464 231-238.
1561 4409 1656 4464 Dr.
1692 4408 1919 4477 Ludwig
1954 4408 2348 4463 Hundhausen.
2391 4407 2499 4462 Das
2533 4407 2583 4465 2.
2622 4407 2944 4463 Pontifical-

521 4494 802 4550 aelii-eihan
837 4496 930 4550 des
967 4496 1407 4566 Apostelfiirsten
1443 4493 1654 4550 Petrus.
1690 4495 1743 4549 S.
1778 4494 2063 4549 143—148.
