3234 4992
573 256 701 323 202
1601 254 1979 310 osanna.

573 442 985 509 referendam.
1053 480 1136 493 --
1202 448 1506 525 συγκλείειν
1569 450 1653 516 εἰς
1710 466 1766 506 τι
1831 448 1939 509 aut
2006 444 2121 507 ὑπὸ
2183 466 2343 514 τινος
2406 441 2570 526 (Gal.
2632 444 2693 521 3,
2738 443 2829 508 22.
2871 442 2969 507 ὑπὸ

574 544 914 628 dammim),
958 548 1450 612 concludere
1493 547 1852 628 aliquem
1900 549 1978 609 in
2022 546 2337 627 aliquid
2381 545 2660 609 autsub
2706 545 2971 627 alique,

580 664 651 710 ex
715 646 1140 712 Hebraeorum
1201 649 1491 731 loquendi
1553 649 1738 713 modo
1798 648 1983 712 ducta
2049 648 2432 730 metaphora,
2502 647 2672 710 idem
2736 651 2828 709 est
2883 665 2972 711 ae:

577 748 818 812 tradere
865 749 1141 831 aliquem
1188 749 1252 814 in
1296 750 1644 834 cujuspiam
1692 750 1778 813 rei
1814 751 1923 814 aut
1954 768 2251 832 personae
2296 749 2691 832 potestatem,
2736 748 2974 830 adeoque

579 848 806 913 locutio
870 849 1024 914 haec
1086 852 1415 933 respondet
1482 852 1572 917 illi
1640 851 1907 934 apostoli
1972 850 2058 933 (l,
2123 850 2308 934 24.).:
2378 849 2736 913 tradidit
2799 849 2977 913 illos

573 949 783 1014 Deus
830 950 905 1014 in
951 952 1053 1016 im
1080 952 1614 1029 munditiam3
1663 951 2272 1034 quapropterverba:
2308 950 2743 1015 conclusit
2772 950 2979 1028 Beue,

575 1052 788 1115 eodem
853 1052 1040 1117 modo
1109 1053 1464 1135 explicanda
1531 1056 1697 1131 sunt,
1769 1071 1887 1135 quo
1934 1052 2332 1136 exposuimus
2382 1052 2603 1130 verba;
2648 1052 2985 1116 tradidit

573 1152 800 1215 Deus,
848 1188 934 1199 —-
977 1154 1144 1217 Dum
1191 1155 1508 1237 apostolus
1553 1155 1740 1219 dicit:
1788 1172 2059 1219 omnes
2105 1152 2269 1237 (τοὺς
2310 1150 2579 1238 πάντας),
2641 1153 2704 1216 id
2764 1169 2882 1217 non
2921 1152 2984 1215 de

573 1252 939 1336 singulis
983 1254 1363 1332 hominibus,
1427 1256 1536 1321 sed
1581 1257 1657 1320 de
1702 1256 2098 1339 gentibus
2163 1255 2465 1340 (populis)
2522 1253 2986 1336 intelligendum

577 1356 711 1430 est3
758 1372 906 1418 nam
954 1372 1075 1419 non
1141 1374 1392 1439 prorsus
1454 1374 1489 1421 o
1513 1376 1685 1421 mne
1708 1376 1737 1421 s
1800 1376 1872 1421 ex
1915 1358 1958 1422 J
1964 1356 2174 1421 udaeis
2235 1359 2411 1422 erant
2456 1354 2775 1431 increduli,
2823 1354 2988 1418 multi

574 1473 646 1518 ex
689 1454 817 1519 illis
865 1457 1289 1532 crediderunt3
1351 1477 1462 1522 nec
1506 1460 1741 1542 singuli
1787 1458 1858 1542 (J
1864 1460 2200 1523 udaeorum
2246 1462 2308 1522 et
2351 1458 2712 1541 gentilium)
2759 1456 2986 1520 miseri-

579 1555 856 1620 cordiam
917 1559 1233 1622 consecuti
1294 1561 1473 1637 sunt,
1542 1578 1682 1624 cum
1747 1561 1926 1625 multi
1989 1560 2067 1624 ob
2127 1560 2631 1625 incredulitatem
2690 1559 2986 1641 perierint.

576 1657 880 1722 Attamen
926 1659 1056 1723 tam
1091 1679 1161 1723 ex
1185 1660 1538 1744 gentilium,
1587 1678 1772 1743 quam
1800 1661 2186 1727 Judaeorum
2230 1662 2476 1743 popule,
2524 1660 2709 1725 multi
2754 1659 2988 1723 fuerunt

579 1757 816 1837 fideles,
880 1760 942 1824 et
987 1761 1170 1825 multi
1217 1762 1705 1827 misericordiam
1765 1764 2073 1828 consecuti
2134 1765 2281 1827 sunt
2325 1762 2443 1845 (cf.
2492 1763 2891 1827 commentar.
2932 1760 2987 1823 in

572 1858 796 1924 Joann.
851 1862 905 1940 l,
957 1861 1104 1945 12.).
1150 1898 1236 1909 —
1278 1863 1380 1927 Ad
1424 1863 1582 1928 hanc
1618 1864 2069 1928 incredulitatis
2114 1863 2726 1929 successionem
2771 1862 2986 1926 intelli-

571 1961 844 2043 gendam
892 1963 1215 2044 sequentia
1258 1964 1703 2029 consideranda
1748 1969 1930 2029 sunt:
1979 1965 2161 2029 Initio
2208 1965 2425 2029 mundi
2468 1965 2774 2029 omnesin
2814 1981 2989 2029 vera

571 2062 870 2145 religione
917 2064 1241 2142 vivebant3
1301 2065 1672 2149 gentiles
1732 2066 1928 2147 primo
1992 2067 2053 2129 in
2100 2065 2516 2131 idololatriam
2553 2064 2795 2148 delapsi
2838 2065 2985 2139 sunt,

571 2166 867 2244 viventeS,
915 2170 1213 2249 tanquam
1258 2167 1511 2247 filius
1558 2168 1956 2251 prodigus
2003 2167 2068 2231 in
2129 2167 2467 2250 evangelio,
2526 2166 2749 2230 remoti
2793 2184 2831 2229 a
2872 2166 2987 2228 Deo

571 2268 632 2329 et
713 2267 885 2331 dotes
979 2268 1330 2351 spirituales
1411 2269 1538 2333 vit-a
1617 2270 2087 2352 perversissima
2171 2268 2567 2352 dissipantes.
2656 2268 2830 2331 Deus
2894 2285 2990 2348 per

570 2366 1147 2445 Abrahamum,
1213 2369 1434 2433 deinde
1491 2389 1599 2453 per
1658 2370 1931 2434 Mosen
1991 2370 2205 2435 foedus
2270 2388 2413 2433 cum
2472 2368 2824 2435 Judaeis
2879 2367 2984 2430 ini-

573 2468 684 2544 vit,
731 2468 973 2550 ipsique
1019 2489 1234 2535 verum
1280 2471 1484 2535 Deum
1529 2472 1867 2535 coluerunt.
1961 2470 2079 2534 Ast
2122 2471 2525 2553 postmodum
2574 2467 2892 2534 Christum
2934 2471 2988 2531 et

575 2570 961 2653 evangelium
1022 2573 1413 2654 repulerunt3
1483 2572 1736 2636 illorum
1800 2571 2251 2636 incredulitatis
2317 2572 2635 2636 occasione
2696 2570 2777 2634 ad
2821 2588 2988 2653 gen-

568 2669 773 2733 tiles
818 2670 1098 2736 delatum
1161 2676 1254 2737 est
1301 2674 1729 2757 evangelium3
1794 2674 2060 2757 gentiles
2118 2674 2183 2737 in
2244 2672 2565 2737 Christum
2610 2671 2991 2737 crediderunt

567 2789 904 2854 verumque
956 2774 1152 2838 Deum
1203 2775 1543 2853 coluerunt,
1591 2774 1822 2840 Judaei
1867 2792 2009 2839 vero
2054 2773 2265 2856 rejecti
2313 2776 2460 2838 sunt
2501 2792 2539 2838 a
2575 2774 2726 2851 Dec,
2773 2777 2839 2837 et
2880 2773 2988 2839 Ju-

577 2872 878 2951 daismus,
941 2875 1186 2957 repulso
1246 2874 1496 2952 Messia,
1563 2877 1670 2958 qui
1732 2879 1863 2940 erat
1908 2876 2039 2959 ejus
2092 2876 2320 2953 anima,
2380 2876 2586 2939 factus
2650 2876 2750 2939 est
2808 2875 2989 2940 veluti

568 2974 955 3053 cadaver,
1003 2977 1163 3058 quod
1211 2976 1276 3040 in
1321 2977 1786 3060 Hierosolymae
1843 2978 2075 3041 excidio
2135 2978 2519 3059 sepulturam
2566 2980 2826 3041 nactum
2874 2979 2989 3051 est3

564 3076 832 3160 populus
876 3096 1016 3142 vero
1082 3077 1122 3143 J
1127 3078 1382 3143 udaicus
1443 3096 1606 3142 nunc
1668 3097 1777 3161 per
1836 3078 1913 3143 18
1960 3078 2209 3142 saecula
2269 3078 2421 3142 vivit
2465 3078 2701 3159 absque
2748 3077 2990 3153 Messia,

566 3178 802 3260 absque
847 3179 1006 3263 lege,
1072 3181 1305 3263 absque
1363 3180 1618 3263 templo,
1680 3178 1915 3262 absque
1974 3178 2289 3255 sacrificiO,
2360 3179 2593 3261 absque
2636 3196 2849 3261 regno,
2894 3196 2991 3242 va-

570 3298 730 3362 gans
792 3279 990 3362 (velut
1051 3281 1310 3363 spiritus
1374 3282 1703 3363 erraticus)
1782 3301 1891 3364 per
1962 3282 2177 3346 orbem
2238 3283 2557 3345 terrarum.
2650 3280 2774 3345 Sed
2840 3282 2993 3345 cirea

563 3380 822 3445 finem
885 3382 1123 3460 mundi,
1185 3383 1428 3464 quando
1488 3383 1859 3447 universitas
1918 3383 2249 3465 gentilium
2306 3382 2370 3445 in
2430 3382 2761 3446 ecclesiam
2808 3383 2990 3445 iutra-

567 3481 740 3559 verit,
789 3481 1018 3547 Judaei
1062 3483 1206 3547 fidei
1253 3485 1594 3549 doctrinam
1645 3485 1962 3568 recipient,
2012 3486 2075 3548 et
2121 3502 2391 3549 unacum
2436 3483 2785 3566 gentilibus
2811 3501 2987 3547 unam

563 3580 918 3647 conflabunt
963 3585 1309 3650 ecclesiam.
1361 3624 1434 3632 —-
1487 3589 1544 3651 S.
1579 3586 1919 3669 apostoluS,
1966 3586 2163 3650 oculis
2208 3584 2587 3667 propheticis
2621 3585 2984 3669 perspiciens

560 3682 1004 3748 historiam
1051 3686 1224 3767 regni
1269 3687 1461 3751 divini
1522 3688 1623 3751 his
1682 3688 1746 3750 in
1807 3686 2006 3765 terrie,
2072 3688 2135 3750 et
2191 3686 2584 3751 considerans
2650 3687 2796 3749 Dei
2856 3703 2985 3767 erga

561 3784 838 3851 Judaeos
884 3785 948 3848 et
989 3785 1260 3867 gentiles
1307 3789 1531 3871 agendi
1595 3789 1923 3866 rationem,
1988 3806 2110 3869 qua
2165 3790 2461 3869 utrosque
2519 3785 2979 3851 successive

560 3885 858 3968 (primum
903 3886 1172 3969 gentiles
1229 3890 1290 3950 et
1349 3889 1490 3952 dein
1535 3889 1577 3954 J
1583 3889 1836 3967 udaeos)
1894 3888 1958 3952 in
2004 3889 2329 3964 malitiam,
2390 3889 2454 3951 in
2498 3887 2979 3951 incredulitatem

561 3987 754 4052 dilabi
797 3987 1104 4069 permisit,
1157 4005 1242 4051 eo
1287 3989 1683 4066 consilio,
1730 3993 1801 4053 ut
1846 4008 1991 4073 erga
2036 4007 2271 4067 omneS‚
2334 3989 2608 4054 Judaeos
2670 3992 2735 4052 et
2792 3987 2977 4071 genti-

557 4088 669 4167 les,
720 4087 1208 4153 misericordiam
1256 4106 1435 4152 suam
1483 4090 1815 4167 exhiberet,
1874 4090 2078 4172 erupit
2121 4091 2184 4154 in
2250 4090 2728 4154 admirationem
2774 4088 2977 4153 boni-

556 4188 801 4269 tatis,
849 4188 1321 4273 sapientiae
1369 4191 1432 4253 et
1478 4191 1893 4255 scientiae
1937 4192 2071 4268 Dei,
2121 4192 2269 4255 dum
2316 4192 2498 4255 dicit:

764 4288 836 4356 V.
885 4292 983 4356 33.
1025 4290 1138 4370 „O
1166 4290 1669 4377 profunditatem
1713 4292 2076 4357 divitiarum
2119 4302 2174 4356 et
2216 4294 2555 4378 sapientiae
2610 4303 2667 4357 et
2709 4293 2975 4358 scientiae

555 4391 681 4460 ..Dei
693 4396 720 4455 Ι
793 4414 976 4478 quam
1030 4391 1461 4457 inscrutabilia
1514 4402 1655 4457 savit
1707 4392 1951 4482 judicia
2008 4400 2137 4484 ejas
2157 4443 2176 4473 ,
2240 4404 2296 4457 et
2352 4418 2535 4480 quam
2596 4394 2970 4459 absconditae

555 4494 692 4561 viae
735 4496 947 4588 qq‘usss‘
1000 4532 1067 4542 —
1116 4495 1393 4580 Vulgata
1435 4514 1579 4561 cum
1626 4494 1907 4579 pluribus
1950 4496 2245 4562 Patribus
2292 4497 2663 4581 particulam
2708 4498 2803 4559 καὶ
2843 4493 2970 4578 post

2742 4950 2781 4980 ’.ἵζ’
2788 4930 3007 4980 3έῖζῖἓρζὶμώ
3014 4962 3097 4980 1.·1-..1.·
