3234 4992
599 252 725 318 194
1632 253 2015 305 Quam.

593 436 956 502 Membra
1015 437 1320 502 ecclesiae
1406 439 1547 504 novi
1614 439 2007 505 Testamenti
2093 443 2240 505 sunt
2316 440 2549 525 singuli
2628 441 2788 505 rami
2870 440 3003 523 ejus.

594 538 826 605 Judaei
891 544 1137 622 propter
1200 559 1385 606 suum
1451 542 1765 607 carnalem
1810 561 1843 606 e
1888 540 2263 624 patriarchis
2307 541 2375 624 (i.
2419 560 2471 605 e.
2518 541 2723 606 radice
2785 541 3002 606 arboris

595 639 812 724 hujus)
861 645 1065 707 ortum
1110 646 1290 707 erant
1333 645 1765 708 naturales
1809 644 1971 708 rami
2025 643 2180 725 ejus,
2244 644 2423 726 quasi
2481 647 2678 708 nata
2722 644 3005 707 ecclesiae

598 741 974 807 christianae
1041 744 1339 809 membra.
1446 744 1570 811 Sed
1644 747 1891 828 propter
1952 745 2454 809 incredulitatem
2523 762 2703 808 suam
2773 743 2852 808 ab
2913 744 3009 807 hac

595 843 711 908 Dei
757 844 967 909 arbore
1022 844 1281 910 defracti
1343 847 1506 923 sunt,
1554 849 1619 910 et
1658 847 1723 911 in
1785 866 2056 911 eorum
2118 847 2386 912 locum
2445 845 2617 909 insiti
2660 848 2809 909 sunt
2849 863 3010 927 gen-

594 944 824 1024 tiles,
868 946 1059 1010 fidem
1100 946 1423 1024 habentes,
1469 948 1576 1031 qui
1618 949 1789 1030 prius
1832 949 1898 1012 in
1940 949 2315 1012 oleastro
2359 947 2700 1023 creverant,
2751 948 2815 1009 et
2855 964 3001 1010 nunc

599 1044 843 1112 similes
887 1046 1042 1112 facti
1087 1052 1234 1113 sunt
1290 1050 1481 1113 ramis
1538 1050 1757 1127 olivae,
1814 1051 2033 1132 utpote
2092 1048 2533 1131 participantes
2578 1047 3005 1130 pinguedinem

593 1148 807 1213 olivae.
871 1186 947 1197 —-
1016 1149 1395 1233 Perpulchre
1449 1151 1662 1233 itaque
1722 1153 2042 1233 comparat
2105 1169 2155 1214 s.
2215 1149 2532 1232 apostolus
2579 1148 3008 1213 ethnicismum

593 1252 738 1313 ante
785 1248 1021 1315 Christi
1063 1254 1343 1334 tempora
1386 1251 1480 1334 (in
1523 1252 1823 1316 antithesi
1865 1269 2010 1315 cum
2032 1249 2397 1333 Judaismo)
2430 1267 2574 1313 cum
2617 1249 3005 1313 oleastro.

591 1348 668 1413 In
734 1350 1106 1416 ethnicismo
1172 1353 1341 1416 enim
1405 1352 1688 1417 homines
1756 1371 1952 1436 prop
1974 1353 2129 1417 riis
2196 1351 2430 1416 viribus
2495 1349 3006 1432 relinquebantur,

592 1455 768 1516 erant
807 1454 989 1518 arbor
1031 1455 1394 1538 agrestis
1417 1503 1433 1531 ,
1479 1473 1638 1537 quae
1686 1455 1937 1537 quidem
1992 1454 2246 1518 flores
2292 1457 2356 1515 et
2401 1470 2586 1534 saepe
2630 1452 3007 1534 splendentes

589 1550 770 1617 flores
814 1554 1125 1633 mittebat,
1172 1556 1280 1620 sed
1326 1555 1502 1620 erant
1545 1557 1901 1620 steriles
1945 1556 2147 1634 floreS,
2211 1573 2284 1617 ex
2327 1553 2555 1635 quibus
2600 1552 2845 1617 fructus
2885 1569 3004 1635 pro-

589 1653 941 1734 germinare
1005 1674 1128 1721 non
1193 1660 1495 1739 poterant.
1604 1657 1649 1723 J
1651 1658 1977 1722 udaismus
2044 1659 2262 1721 contra
2324 1656 2458 1718 erat
2524 1654 2729 1732 arbor,
2797 1673 2835 1718 a
2896 1654 3003 1717 Deo

589 1752 727 1836 ipso
771 1756 1070 1839 plantata,
1116 1760 1286 1822 culta
1347 1759 1411 1823 et
1451 1762 1640 1837 recta,
1688 1766 1753 1823 et
1796 1777 1951 1842 quae
2010 1761 2313 1840 tanquam
2356 1756 2569 1821 florem
2614 1756 2911 1821 ultimum
2952 1758 3003 1817 et

591 1855 1077 1936 pulcherrimum
1140 1859 1382 1924 ferebat
1439 1860 1691 1925 beatam
1754 1860 2176 1944 Virginem
2239 1857 2619 1935 Mariam,
2684 1857 2999 1940 Deiparam

592 1955 839 2041 (Bisp.).
886 1995 969 2005 —
1012 1963 1180 2036 τινές,
1224 1962 1635 2037 nonnulli:
1684 1962 1773 2026 ita
1818 1962 1969 2026 dicit
2013 1961 2331 2044 apostolus
2377 1979 2448 2024 ex
2490 1958 2909 2023 teneritudine
2948 1960 2999 2019 et

587 2056 840 2123 lenitate
885 2060 984 2144 (ut
1004 2061 1063 2138 3,
1088 2062 1197 2145 3.)‚
1243 2062 1529 2145 quamvis
1554 2062 1756 2127 dicere
1776 2064 2116 2146 potuisset:
2160 2062 2561 2144 plerique.
2608 2092 2696 2107 —-·
2737 2058 2782 2140 ἠ
2828 2059 2998 2141 ἀγριέ-

585 2159 752 2230 λαιος
785 2159 884 2243 (ex
926 2160 1122 2244 ἀγρος,
1161 2164 1425 2247 agrestis
1462 2168 1526 2227 et
1559 2164 1742 2241 ἐλαία,
1788 2165 1947 2247 olea)
2002 2167 2101 2227 est
2144 2164 2327 2228 olea
2370 2161 2767 2245 agrestis,
2816 2162 2997 2226 olea-

588 2263 787 2337 ster:
822 2262 882 2325 h.
912 2263 952 2326 1.
978 2264 1211 2347 optime
1255 2264 1522 2329 sumitur
1566 2265 1989 2347 adjective
2033 2284 2172 2348 pro:
2218 2267 2282 2325 ἐκ
2323 2266 2431 2344 τῆς
2473 2262 2834 2345 ἀγριελαίου,
2877 2263 2912 2325 i.
2953 2280 2991 2324 e.

587 2378 732 2424 cum
788 2380 956 2427 esses
1011 2364 1077 2427 in
1136 2365 1404 2429 oleastro
1453 2366 1655 2444 natuS,
1701 2366 1953 2430 oleastri
1996 2366 2300 2430 surculus.
2349 2402 2425 2411 —
2475 2367 2913 2445 ἐνεκεντρίσθης
2948 2365 2995 2422 ἐν

585 2458 787 2532 αὐτοῖς
828 2466 1036 2545 potest
1056 2464 1229 2529 reddi
1251 2467 1388 2530 vel:
1433 2467 1661 2531 insitus
1709 2468 1785 2530 in
1832 2468 2044 2545 illis,
2089 2467 2127 2530 i.
2159 2487 2210 2530 e.
2256 2467 2429 2532 loco
2473 2486 2583 2531 seu
2626 2466 2711 2530 in
2757 2466 2993 2530 locum

586 2579 817 2640 eorum,
865 2564 998 2628 scil.
1039 2583 1352 2630 ramorum
1378 2566 1822 2644 defractorum3
1864 2568 1961 2632 vel
2003 2568 2213 2650 potest
2259 2568 2473 2632 reddi:
2519 2568 2754 2633 insitus
2797 2568 2993 2631 inter

584 2660 808 2741 illos,
855 2664 984 2729 scil.
1012 2683 1237 2745 ramos,
1284 2668 1474 2750 quiin
1499 2669 1661 2733 oliva
1684 2670 2127 2746 remanserant,
2176 2687 2289 2734 nec
2332 2669 2412 2733 ab
2458 2687 2532 2733 ea
2574 2667 2839 2733 defracti
2878 2666 2987 2729 fue-

582 2766 740 2827 rant.
830 2762 952 2829 Sed
995 2767 1217 2848 prior
1259 2769 1615 2852 explicatio:
1662 2771 1738 2834 in
1784 2771 1852 2834 lo
1871 2789 2043 2835 cum
2087 2788 2394 2848 eorum,
2439 2768 2849 2854 praeferenda
2890 2768 2986 2838 est,

582 2865 726 2946 quia
766 2870 883 2927 τῶν
924 2864 1157 2930 κλάδων
1182 2869 1264 2951 (v.
1294 2870 1421 2954 18.)
1464 2871 1691 2935 iterum
1716 2875 1861 2935 sunt
1897 2872 2056 2935 rami
2101 2871 2473 2935 defracti.
2526 2906 2597 2917 —
2648 2866 2985 2951 ἐγκεντρίζω,

581 2965 756 3032 ins'e
773 2986 870 3033 ro.
903 3004 980 3016 —
1003 2969 1198 3035 Juxta
1219 2973 1723 3055 repraesentandi
1748 2972 2023 3050 modum,
2049 2972 2152 3037 hic
2176 2973 2253 3038 ab
2289 2974 2571 3057 apostolo
2595 2973 2982 3056 propositum,

578 3070 807 3135 surculi
849 3070 1009 3135 feri
1052 3071 1354 3156 (oleastri)
1398 3074 1600 3138 arbori
1662 3092 2019 3158 generosae,
2083 3074 2489 3139 nobiliori
2534 3074 2798 3158 (olivae)
2843 3075 2981 3137 inse-

577 3172 813 3249 runtur,
885 3192 1078 3255 quum
1144 3178 1355 3238 tamen
1423 3193 1494 3239 ex
1559 3176 1977 3259 agriculturae
2038 3176 2326 3242 instituto
2386 3177 2618 3242 surculi
2678 3175 2985 3242 nobiliores

577 3271 900 3339 arboribus
959 3274 1309 3359 agrestibus
1370 3276 1829 3360 (sylvestribuS,
1892 3278 2101 3362 malis)
2160 3279 2525 3344 inserantur.
2620 3277 2747 3343 Sed
2792 3277 2982 3348 olivae,

577 3373 672 3436 uti
741 3376 980 3458 antiqui
1045 3378 1109 3441 et
1173 3379 1548 3444 recentiores
1614 3380 2082 3463 peregrinantes
2150 3379 2443 3457 referunt,
2510 3380 2627 3444 hoc
2693 3378 2983 3461 peculiare

576 3475 690 3551 est,
735 3480 807 3540 ut
849 3478 1077 3542 surculi
1130 3479 1524 3558 oleastri,
1585 3481 1763 3563 stirpi
1808 3481 2003 3546 olivae
2047 3481 2238 3559 insiti,
2287 3481 2527 3546 similes
2589 3479 2746 3544 fiant
2809 3474 2978 3543 ramis

573 3574 772 3639 olivae
836 3576 904 3659 (i.
953 3596 1002 3641 e.
1049 3580 1375 3664 generosi),
1438 3583 1624 3664 atque
1679 3582 1839 3646 hanc
1897 3581 2300 3658 foecundent:
2364 3583 2453 3647 ita
2513 3583 2585 3646 ut
2648 3582 2842 3646 etiam
2882 3580 2980 3643 hac

573 3695 643 3740 ex
704 3680 881 3760 parte
945 3679 1211 3761 apostoli
1276 3682 1498 3747 modus
1557 3682 2060 3765 repraesentandi
2118 3700 2240 3747 non
2301 3683 2501 3766 possit
2553 3683 2807 3767 ineptus
2869 3676 2973 3743 dici

567 3777 815 3864 (Bisp.).
873 3816 938 3824 —-
989 3782 1086 3840 καὶ
1144 3782 1532 3861 συγκοινωνός
1577 3831 1590 3843 .
1637 3831 1651 3843 .
1699 3831 1712 3845 .
1760 3784 1970 3865 ἐγένου,
2028 3784 2067 3847 i.
2130 3803 2182 3847 e.
2229 3803 2341 3866 pel·
2396 3784 2557 3849 hano
2619 3784 2974 3854 insitionem,

567 3883 642 3944 tu
684 3879 958 3965 gentih‘S,
1021 3879 1226 3945 factus
1286 3902 1351 3947 es
1398 3904 1576 3950 verus
1630 3888 1690 3950 et
1736 3885 2043 3969 genuinus
2088 3885 2579 3967 patriarcharum
2624 3884 2813 3961 filius,
2856 3896 2975 3963 par-

569 3981 766 4066 ticeps
809 3980 997 4045 simul
1041 3981 1322 4047 omnium
1367 3984 1669 4051 bonorum
1692 3986 1989 4051 ecclesiae
2033 3986 2410 4050 christianae
2454 4005 2564 4051 seu
2588 3985 2730 4051 novi
2775 3986 2972 4049 Testa-

569 4084 783 4148 menti.
831 4119 903 4129 —
955 4083 1076 4147 Per
1132 4084 1723 4167 pinguedinem
1785 4087 2188 4171 intelligenda
2247 4090 2395 4151 sunt
2449 4088 2731 4152 omnia
2788 4088 2974 4152 bona

569 4184 966 4269 (spiritualia)
1032 4185 1331 4250 ecclesiae
1397 4187 1771 4252 christianae
1856 4189 2029 4272 (novi
2102 4184 2555 4273 Testamenti),
2623 4186 2969 4253 nominatim

559 4285 1100 4369 justificatio.
1149 4325 1229 4335 --
1276 4287 1433 4353 Vult
1478 4307 1621 4372 ergo
1668 4291 1987 4372 apostolus
2033 4290 2238 4356 verbis
2274 4310 2495 4355 versus
2546 4291 2641 4354 17.
2671 4289 2802 4374 (qui
2842 4305 2969 4352 con-

565 4388 788 4453 stituit·
828 4391 1229 4475 protasin)
1291 4394 1354 4455 et
1413 4391 1717 4475 prioribus
1776 4410 1987 4457 versus
2053 4393 2148 4457 18.
2217 4392 2421 4458 verbis
2482 4391 2735 4475 (quibus
2790 4385 2966 4455 conti-

562 4491 745 4555 netur
800 4508 944 4575 apo
963 4491 1051 4557 do
1071 4491 1211 4575 sis)
1269 4492 1499 4557 dicere:
1562 4490 1801 4572 Quodsi
1856 4492 2111 4575 quidam
2154 4493 2197 4558 J
2200 4494 2384 4560 udaei
2441 4493 2673 4559 exclusi
2732 4489 2961 4559 fuerunt
