3234 4992
1170 253 1280 305 Osp-
1306 254 1408 297 vn.
1439 264 1484 295 v.
1511 255 1677 296 18-81.
2515 256 2631 320 111

415 438 490 503 V.
545 439 643 505 18.
689 437 880 519 „Scio
921 441 1100 520 enim,
1163 464 1286 505 non
1347 440 1629 509 habitare
1692 441 1765 505 in
1826 462 1939 521 me,
2002 440 2109 504 hoc
2150 448 2255 519 est,
2318 441 2387 504 in
2450 461 2635 503 carne

207 561 359 620 mea,
425 538 720 605 bonwm.“
783 576 863 589 —-
931 540 1108 623 Quod
1172 545 1342 627 prius
1407 546 1640 611 dixerat
1656 591 1673 622 ,
1743 543 1874 608 scil.
1922 543 2251 626 peccatum
2318 540 2635 625 (concupi-

210 641 556 726 scentiam)
601 642 666 707 in
709 643 963 709 homine
1006 643 1300 712 habitans
1355 665 1506 725 esse,
1567 645 1735 727 quod
1795 644 2033 708 malum
2078 643 2243 720 facit,
2305 643 2467 725 quod
2508 642 2641 725 ipse

208 761 332 808 non
372 744 538 823 vult,
594 745 656 809 id
695 745 761 810 in
797 745 1194 827 sequentibus
1237 748 1522 813 versibus
1559 744 1884 831 (18—20.)
1924 745 2123 809 fusius
2170 745 2513 828 exponit.
2563 780 2638 791 —

212 848 346 907 οἰδα
401 843 544 926 γὰρ,
605 846 730 911 scio
796 846 984 926 enim,
1049 848 1087 912 i.
1137 868 1186 913 e.
1234 848 1378 913 novi
1443 868 1553 932 per
1611 845 2057 930 experientiam
2114 884 2180 893 —
2228 844 2335 909 οὐκ
2378 851 2521 908 οἱκει
2564 891 2579 905 .
2625 891 2638 905 .

211 942 446 1029 ἀγαθόν
515 948 616 1012 est
675 948 1062 1031 negativa
1125 948 1434 1033 expressio
1500 966 1644 1031 pro:
1720 952 1863 1009 οἰκει
1926 950 1984 1009 ἐν
2052 949 2181 1027 ἐμοὶ
2246 946 2287 1027 ἤ
2354 946 2639 1027 ἁμαρτία.

210 1045 466 1131 ἀγαθόν,
538 1048 830 1113 bonum
851 1097 867 1127 ,
942 1049 1070 1114 scil.
1139 1068 1177 1114 a
1240 1053 1449 1115 mente
1493 1067 1637 1114 mea
1701 1048 2021 1131 cognitum
2086 1052 2152 1111 et
2214 1048 2635 1129 concupitum,

213 1149 496 1232 quamvis
576 1150 897 1215 voluntate
974 1150 1352 1234 imperfecta.
1425 1186 1510 1197 --
1571 1148 1724 1213 τουτ’
1793 1154 1945 1213 ἐστιν
2012 1153 2069 1211 ἐν
2133 1155 2219 1231 τῇ
2274 1151 2448 1229 σαρκί
2507 1172 2641 1229 μου,

209 1250 348 1315 hoc
397 1251 532 1315 est
577 1250 657 1315 in
699 1267 942 1315 carne
985 1269 1186 1328 mea,
1246 1250 1286 1315 i.
1332 1270 1406 1329 θ..
1454 1252 1518 1316 in
1561 1254 1737 1336 parte
1782 1252 2066 1335 (naturae
2112 1250 2311 1333 meae)
2357 1251 2635 1327 animali,

211 1351 499 1430 sensuali,
551 1368 711 1434 quae
755 1353 852 1415 est
887 1351 1072 1416 sedes
1116 1352 1671 1435 concupiscentiae,
1718 1352 2009 1417 continuo
2052 1352 2131 1415 ad
2175 1351 2413 1415 malum
2456 1350 2641 1415 incli-

213 1452 414 1517 nantis
461 1454 656 1535 atque
701 1451 1042 1517 excitantis.
1131 1452 1324 1517 Hisce
1365 1452 1570 1518 verbis
1632 1453 2072 1537 restringit
2131 1452 2314 1517 verba
2373 1454 2430 1514 ἐν
2494 1454 2640 1532 ἐμοὶ,

213 1554 392 1635 atque
454 1552 660 1631 docet,
727 1571 851 1618 non
915 1555 1097 1618 totu
1116 1572 1182 1618 m
1244 1554 1568 1619 hominem
1632 1554 1857 1636 (totam
1915 1553 2445 1637 personalitatem)
2504 1572 2641 1617 esse

217 1655 584 1735 peccatum3
630 1671 778 1718 nam
814 1672 957 1737 pars
998 1654 1448 1719 rationalis
1493 1654 1556 1719 in
1595 1655 1849 1720 homine
1887 1655 2025 1719 vult
2061 1655 2311 1731 bonum,
2358 1654 2642 1736 quamvis

216 1754 333 1819 ista
377 1756 678 1823 voluntas
713 1756 797 1820 sit
837 1754 1225 1839 imperfecta,
1270 1774 1443 1821 mera
1479 1756 1793 1833 velleitas3
1838 1757 1904 1821 in
1947 1757 2123 1840 parte
2162 1755 2434 1820 hominis
2479 1756 2642 1820 ani-

216 1856 402 1921 mali
447 1856 786 1941 (sensuali)
830 1856 1003 1921 nulla
1047 1860 1142 1921 est
1180 1857 1498 1922 inclinatio
1543 1858 1622 1921 ad
1665 1858 1914 1935 bonum,
1978 1875 2099 1922 non
2143 1858 2240 1921 est
2283 1855 2639 1939 quidquam,

219 1957 372 2037 quod
415 1956 501 2022 ad
558 1957 788 2022 bonum
849 1957 1202 2023 faciendum
1259 1958 1530 2025 inducat.
1619 1956 1799 2039 Quod
1841 1978 1881 2042 p
1900 1958 2041 2023 rob
2060 1961 2174 2035 at,
2242 1956 2392 2022 dum
2461 1956 2641 2022 dicit:

221 2056 433 2135 „Nam
475 2056 635 2122 velle
677 2058 850 2122 adest
888 2058 1042 2122 mihi
1051 2082 1077 2139 ;
1131 2058 1240 2123 scd
1300 2060 1552 2145 operari
1607 2059 1846 2138 bonum,
1904 2080 2026 2123 non
2068 2057 2373 2121 invenio.“
2425 2095 2493 2103 --—
2542 2059 2643 2122 Ad

219 2159 470 2225 verbum
513 2162 714 2222 &slew
759 2180 831 2225 ex
890 2160 1198 2243 prioribus
1252 2160 1386 2243 ,iam
1445 2160 2039 2244 subintelligendum
2106 2162 2205 2223 est
2268 2154 2517 2239 ἀγαθόν.
2557 2195 2643 2208 —-

221 2259 574 2343 παράκειμαι
616 2262 894 2347 proprie:
959 2261 1334 2345 adjaceo,
1401 2262 1542 2326 dein
1605 2262 1872 2343 tropice:
1940 2261 2253 2339 adsum,
2311 2262 2643 2343 praesto

223 2378 404 2427 sum.
496 2362 812 2429 Permulti
872 2362 1116 2428 codices
1177 2362 1243 2426 in
1299 2362 1421 2427 fine
1481 2381 1697 2427 versus
1755 2362 2002 2427 tantum
2060 2361 2298 2426 habent
2341 2360 2428 2441 οὗ,
2493 2363 2643 2428 dum

225 2462 324 2527 alii
363 2467 426 2529 et
475 2464 788 2531 versiones
839 2465 1168 2529 nonnullae
1234 2483 1378 2529 cum
1419 2463 1697 2546 Vulgata
1738 2465 1957 2548 legunt
2000 2462 2109 2545 οὐχ
2167 2461 2433 2547 εὑρίσκω,
2493 2483 2643 2529 non

224 2561 584 2644 invenio,
629 2566 669 2630 i.
698 2584 749 2629 e.
773 2583 899 2631 non
931 2566 1109 2630 adest
1132 2565 1308 2645 mihi,
1355 2582 1478 2630 non
1506 2564 1663 2630 mihi
1686 2568 1932 2647 praesto
1956 2566 2067 2631 est.
2117 2602 2201 2613 —
2247 2566 2351 2649 οὐχ
2397 2564 2641 2648 εὑρίσκω

226 2662 381 2730 idem
421 2685 536 2733 ac:
583 2665 656 2729 οὔ
695 2664 1037 2747 παράκειται
1077 2690 1198 2747 μοι.
1258 2702 1343 2714 -
1383 2670 1452 2728 τὸ
1495 2664 1665 2729 καλὸν
1722 2667 1888 2732 idem
1946 2686 2016 2733 ac
2070 2665 2319 2749 ἀγαθόν.
2410 2667 2639 2733 Sensus

230 2782 362 2849 ergo
405 2771 540 2833 est:
588 2767 751 2833 Nam
796 2769 956 2834 velle
998 2768 1254 2846 bonum,
1313 2768 1469 2832 mihi
1511 2774 1759 2851 praesto
1802 2770 1934 2844 est;
1997 2770 2106 2834 sed
2149 2774 2221 2835 ut
2263 2769 2436 2847 illud,
2484 2769 2644 2852 quod

230 2866 406 2932 velim
466 2868 728 2949 bonum,
793 2870 982 2935 etiam
1043 2886 1353 2951 exsequar,
1413 2888 1534 2933 non
1592 2870 1769 2934 adest
1830 2868 2001 2935 mihi.
2056 2907 2128 2916 —
2178 2870 2354 2949 Quod
2396 2871 2459 2938 h.
2504 2870 2545 2933 l.
2594 2889 2643 2934 s.

231 2969 540 3048 apostolus
605 2968 810 3050 edicit,
871 2969 1008 3053 jam
1077 2968 1464 3035 Christus
1536 2969 1757 3035 effatus
1824 2973 1951 3034 est:
2018 2969 2327 3054 „Spiritus
2392 2970 2643 3052 quidem

233 3078 554 3155 promptus
598 3074 712 3151 est,
757 3089 896 3137 caro
939 3088 1083 3136 vero
1127 3070 1414 3137 infirma“
1459 3069 1710 3153 (Matth.
1755 3071 1858 3151 26,
1900 3071 2029 3152 41).

414 3172 493 3239 V.
546 3172 646 3239 19.
688 3173 885 3253 „Non
941 3172 1120 3252 enim,
1175 3172 1338 3258 quod
1395 3171 1550 3251 volo,
1577 3170 1764 3255 facio
1822 3170 2062 3253 bonum,
2122 3171 2227 3236 scd
2286 3170 2448 3257 quod
2504 3170 2643 3235 nolo

233 3268 472 3353 malwm,
517 3273 624 3337 hoc
668 3295 821 3359 ‘⁸9⁰2‘

424 3374 504 3440 V.
551 3376 654 3454 20,
699 3373 823 3456 „Si
872 3382 1094 3453 autem,
1137 3373 1300 3459 quod
1341 3372 1480 3438 nolo
1517 3395 1643 3459 390,
1686 3374 1791 3439 hoc
1817 3372 2025 3457 faciO,
2068 3395 2191 3437 non
2233 3371 2500 3459 amplius
2543 3395 2646 3460 090

233 3489 436 3554 operor
480 3473 663 3555 illud,
720 3475 828 3544 ced
894 3474 1058 3561 quod
1110 3474 1346 3539 habitat
1399 3476 1468 3538 in
1525 3496 1618 3538 mc
1648 3478 2030 3561 peccabam.“
2072 3474 2295 3543 Verbis
2339 3496 2393 3540 v.
2440 3496 2497 3542 v.
2546 3475 2645 3541 19.

233 3573 288 3633 et
327 3573 426 3639 20.
474 3576 790 3660 repetit
835 3575 1002 3641 dicta
1044 3594 1099 3640 v.
1147 3595 1206 3640 v.
1256 3575 1354 3641 15.
1401 3577 1463 3641 et
1507 3576 1627 3655 17„
1688 3577 1915 3641 additis
1960 3596 2016 3642 v.
2066 3576 2165 3641 19.
2227 3576 2353 3641 illis
2410 3577 2647 3643 duobus

236 3674 424 3742 verbis
469 3676 674 3759 (καλὸν
717 3681 779 3743 et
822 3676 1044 3760 κακὸν),
1093 3677 1254 3760 quod
1297 3677 1574 3761 Vulgata
1608 3678 1742 3762 jam
1786 3698 1843 3743 v.
1894 3679 1990 3743 15.
2036 3678 2207 3743 facit.

428 3779 511 3843 V.
575 3778 675 3843 21.
743 3778 1040 3859 „Invenio
1099 3778 1290 3863 ’ἱρέων
1354 3776 1536 3864 leyc‘m
1550 3826 1570 3859 ,
1634 3778 1869 3846 volenti,
1926 3780 2077 3844 mihi
2121 3780 2345 3865 facere
2409 3780 2645 3859 bonum,

236 3875 453 3943 malwm
495 3880 647 3943 mihi
686 3879 961 3945 adessef‘
1015 3915 1088 3929 --
1138 3879 1475 3963 Apostolus
1517 3879 1576 3944 h.
1624 3880 1667 3945 1.
1714 3880 2139 3946 concludit
2198 3900 2271 3945 ex
2316 3880 2645 3962 disputatis

236 3972 370 4043 inde
413 4000 454 4047 a
493 4001 551 4048 v.
604 3982 699 4047 14.
753 4020 826 4029 —
875 3982 1108 4047 Versus
1149 3980 1336 4064 hujus
1378 3981 1581 4046 variae
1628 3982 1775 4047 sunt
1832 3982 2313 4047 constructiones
2356 3984 2419 4045 et
2464 3999 2645 4063 expo-

239 4076 496 4161 sitioneS,
545 4101 702 4165 quae
747 4084 1109 4167 plerumque
1155 4083 1298 4147 inde
1356 4083 1524 4147 ortae
1581 4086 1748 4163 sunt,
1809 4084 1970 4165 quod
2022 4082 2386 4166 interpretes
2432 4098 2645 4146 vocem

235 4174 403 4257 1’ὅμως
447 4185 522 4249 de
573 4185 752 4268 lege
809 4184 977 4249 Mos
998 4184 1170 4248 aica
1233 4182 1660 4249 intellexerint.
1753 4183 1989 4249 Omnes
2055 4183 2172 4247 hae
2233 4181 2645 4264 expositiones

240 4276 558 4351 difficulter
621 4288 685 4351 et
740 4286 1040 4352 violenter
1097 4284 1392 4371 aptantur
1451 4285 1653 4350 verbis
1710 4287 1773 4349 et
1814 4283 2137 4350 contextui.
2226 4280 2645 4358 Difficultates

239 4396 370 4447 vero
396 4386 513 4452 hae
535 4404 752 4453 omnes
793 4390 1187 4465 evanescunt,
1213 4382 1472 4466 εἱνόμος
1493 4386 1765 4452 sumitur
1795 4404 1980 4451 sensu
2014 4381 2321 4449 latiori:
2359 4401 2644 4464 norma,

241 4476 356 4548 lex
395 4488 880 4572 generatim,
943 4506 1136 4571 quum
1197 4486 1329 4555 scil.
1377 4487 1692 4571 apostolus
1752 4487 1871 4553 hac
1924 4484 2235 4553 sententia
2276 4484 2644 4552 relationem
