3234 4992
1238 264 1350 319 cap.
1376 266 1477 311 vn.
1503 274 1550 307 v.
1577 266 1643 307 u.
2526 266 2643 332 107

225 468 362 515 sen.
407 450 911 536 concupiscentia
933 452 1120 535 mala,
1153 454 1292 538 lege
1322 453 1482 520 bona
1514 455 1679 519 male
1714 471 1848 533 usa,
1881 454 2148 518 mortem
2184 450 2338 517 mihi
2374 452 2642 535 peperit,

223 571 360 617 nam
417 573 489 618 ex
535 554 1054 678 praecedentibus
1098 558 1514 640 supplendum
1568 557 1666 621 est
1726 557 1803 622 ad
1849 555 2037 622 verba
2080 555 2230 618 ἄλλοι
2272 553 2524 635 ἁμαρτία
2566 590 2643 601 --

224 658 344 735 ἐμοὶ
387 652 623 737 ἐγένετο
667 653 950 727 θάνατος.
996 696 1062 705 -—
1113 658 1250 739 „Ut
1291 666 1597 744 appareat
1630 662 2007 742 peccatwmss
2050 657 2184 723 Vox
2225 655 2477 739 ἁμαρτία
2519 656 2647 720 Sine

223 758 475 823 articulo
520 757 586 823 h.
634 758 674 822 1.
721 759 956 842 posita,
1020 759 1116 825 est
1171 760 1783 844 praedicatum,
1850 758 2312 843 subjectum
2366 776 2506 824 vero
2550 760 2647 823 est

220 882 253 939 η
303 857 567 941 αμαρτίοι
625 878 695 925 ex
753 861 1156 943 praecedente
1217 861 1553 941 sententia,
1617 862 1707 926 ita
1765 864 1837 926 ut
1894 860 2136 944 integra
2196 861 2501 925 sententia
2555 860 2645 925 ita

223 963 414 1024 esset:
477 964 573 1023 ἱνα
633 960 674 1042 η’
718 959 975 1043 ἁμαρτία
1037 967 1196 1045 φανῇ
1252 960 1535 1043 ἁμαρτία,
1604 966 1691 1028 ut
1755 965 2179 1047 peccatum
2241 965 2646 1046 appareat

221 1064 684 1142 peccatum,
751 1064 790 1127 i.
841 1082 891 1127 e.
945 1067 1018 1127 ut
1071 1063 1179 1128 illa
1237 1064 1738 1147 concupiscentia
1801 1064 2001 1142 mala,
2070 1066 2367 1145 tanquam
2423 1064 2641 1146 ingens

226 1162 524 1243 peccatrix
548 1163 1067 1229 manifestaretur.
1097 1201 1173 1213 --
1200 1164 1450 1245 „Quum
1464 1187 1586 1250 per
1609 1164 1825 1231 bonum
1848 1174 2096 1229 mortem
2122 1164 2273 1227 mihi
2293 1168 2645 1250 operatur.“

222 1261 436 1327 Verbis
475 1264 580 1329 his
627 1265 789 1329 inest
833 1266 1285 1348 explicatio
1330 1266 1660 1331 verborum
1693 1266 2215 1350 praecedentium.
2272 1300 2343 1311 -
2395 1261 2495 1326 διὰ
2535 1268 2645 1326 τοῦ

224 1362 450 1445 ἀγαθοῦ
461 1386 488 1442 ,·
530 1366 602 1428 τὸ
623 1366 860 1450 ἀγαθον
882 1370 994 1445 est,
1031 1369 1192 1433 sicut
1213 1369 1405 1452 prius,
1440 1370 1717 1453 positum
1751 1388 1859 1452 pro
1887 1387 2037 1435 voce
2061 1363 2278 1448 νόμοςς
2322 1370 2385 1430 et
2425 1386 2642 1433 sensus

225 1466 345 1530 est:
392 1467 606 1547 Quum
653 1487 765 1552 per
804 1470 1030 1553 legem,
1077 1487 1232 1552 quae
1274 1469 1339 1534 in
1386 1489 1452 1534 se
1495 1469 1659 1536 bona
1702 1471 1812 1548 est,
1859 1472 2127 1536 mortem
2172 1468 2465 1533 attulerit.
2545 1468 2643 1533 Ita

230 1585 466 1633 versum
527 1569 699 1635 hunc
761 1570 1067 1653 explicant
1123 1572 1407 1654 graeci
1464 1571 1704 1636 Patres.
1766 1606 1852 1617 --
1909 1571 2265 1654 Vulgata
2316 1570 2523 1634 autem
2556 1571 2642 1632 .et

227 1670 496 1734 nonnulli
556 1670 782 1736 Patres
843 1672 1104 1737 latini
1159 1671 1383 1757 (Aug.)
1441 1677 1584 1756 post
1640 1673 1831 1738 verba
1894 1673 2044 1735 ἀλλὰ
2087 1672 2129 1754 ἤ
2173 1672 2425 1752 ἁμαρτία
2484 1690 2641 1737 ιιοιι

227 1770 508 1853 supplent
551 1773 744 1838 verba
797 1792 868 1837 ex
910 1773 1318 1856 praecedente
1363 1776 1672 1839 sententia
1718 1774 1874 1860 (ἐμοὶ
1919 1777 2132 1857 ἐγένετο
2175 1772 2489 1859 θάνατος),
2536 1772 2643 1837 sed

227 1872 618 1955 participium
683 1873 1146 1956 κατεργαζομένη
1211 1878 1511 1958 tanquam
1575 1876 1834 1943 verbum
1900 1877 2242 1942 finitum
2306 1879 2642 1953 sumenteS,

226 1972 398 2037 verba
441 1972 600 2037 ἀλλὰ
644 1974 689 2056 η’
731 1974 987 2059 ἁμαρτία
1029 1976 1414 2061 conjungunt
1469 1977 1534 2041 in
1589 1996 1782 2043 unam
1836 1978 2209 2045 sententiam
2252 1996 2394 2042 cum
2438 1976 2644 2041 verbis

228 2071 318 2134 διὰ
376 2082 486 2139 τοῦ
547 2076 792 2159 ἀγαθοῦ
845 2126 860 2139 .
917 2126 930 2140 .
988 2126 1001 2140 .
1047 2076 1539 2161 κατεργαζομένη,
1606 2081 1670 2144 et
1731 2081 1819 2145 ita
1883 2083 2164 2144 vertunt:
2236 2080 2410 2162 „Sed
2473 2096 2645 2161 pec·-

229 2179 486 2243 catum
556 2228 572 2244 .
633 2228 654 2244 .
715 2228 730 2243 .
778 2198 916 2263 per
973 2181 1266 2247 bonum
1332 2183 1757 2263 operatum
1812 2183 1936 2246 est
1978 2181 2180 2246 mihi
2240 2178 2643 2257 mortem“,

232 2275 314 2341 ita
365 2280 437 2344 ut
495 2299 724 2346 sensus
791 2284 991 2346 esset:
1059 2280 1182 2347 Sed
1242 2283 1566 2365 peccatum
1640 2282 2165 2365 (concupiscentia
2221 2281 2414 2366 mala)
2476 2331 2490 2345 .
2552 2330 2567 2344 .
2628 2329 2641 2344 .

237 2380 550 2446 occasione
612 2382 774 2465 legis
831 2382 896 2447 in
941 2401 1007 2447 se
1049 2382 1271 2460 bonae,
1333 2384 1548 2448 attulit
1606 2383 1765 2448 mihi
1807 2384 2089 2449 mortem.
2138 2419 2220 2429 —-
2263 2382 2335 2447 In
2379 2382 2646 2447 essentia

233 2479 466 2560 quidem
516 2500 740 2548 sensus
773 2498 897 2548 non
945 2486 1040 2547 est
1085 2483 1402 2560 diversus3
1449 2486 1556 2549 sed
1593 2486 1806 2550 tamen
1850 2486 2070 2570 prior
2113 2484 2432 2568 explicatio
2470 2502 2644 2567 prae-

233 2578 470 2647 ferenda
534 2586 649 2662 est,
710 2584 854 2665 quia
909 2584 1028 2648 hac
1087 2585 1488 2668 explicatione
1548 2587 1859 2670 cogitatus
1919 2587 2186 2670 apostoli
2242 2585 2464 2651 clarius
2506 2604 2645 2667 per-

237 2679 574 2768 fectiusque
619 2684 998 2769 exprimitur,
1047 2686 1152 2768 qui
1196 2686 1518 2751 ostendere
1550 2688 1801 2752 volebat
1844 2706 2193 2772 perversam
2239 2686 2476 2770 peccati
2517 2684 2645 2750 vim

233 2780 287 2847 in
347 2784 604 2853 homine
681 2788 938 2853 latentis
957 2835 972 2866 ‚
1039 2790 1112 2852 ut
1178 2806 1250 2853 ex
1315 2788 1498 2853 istius
1566 2791 1766 2854 clara·
1800 2789 2143 2873 cognitione
2210 2789 2400 2852 etiam
2460 2787 2645 2851 homo

239 2901 540 2954 summam
606 2889 1214 2972 redemptionis
1278 2891 1866 2956 necessitatem
1922 2890 2316 2972 intelligeret.
2372 2924 2458 2934 —
2514 2888 2649 2966 „Ut

229 2984 336 3065 fiat
390 3012 588 3077 supra
650 2989 896 3054 modum
948 3012 1214 3076 peccans
1266 3000 1585 3107 peccabam
1640 3013 1761 3077 per
1820 2989 2244 3054 mandatumss
2329 2987 2647 3054 Sententia

233 3083 371 3153 haec
451 3095 554 3157 est
634 3111 678 3175 g
700 3111 734 3155 r
755 3109 792 3156 a
814 3091 854 3156 d
875 3110 914 3155 a
935 3092 1002 3155 t
984 3111 1006 3155 1
1028 3109 1062 3156 o
1144 3093 1361 3176 prioris
1445 3094 1785 3159 sententiae
1848 3092 1993 3157 huic
2060 3090 2482 3156 coordinatae:
2553 3092 2646 3150 ἱνα

235 3194 376 3273 φανῇ
415 3238 430 3252 .
474 3239 489 3254 .
548 3230 615 3239 --
663 3192 800 3254 καθ’
852 3191 1178 3274 υπερβολὴν
1222 3195 1493 3278 proprie.
1556 3194 1901 3260 secundum
1947 3192 2389 3268 excellentiam,
2454 3190 2636 3255 iehe-

237 3293 564 3371 mentiam3
631 3294 692 3358 h.
740 3296 782 3359 l.
828 3294 1019 3360 habet
1059 3295 1190 3360 vim
1235 3296 1530 3376 adverbii,
1577 3298 1640 3359 et
1684 3295 1848 3359 idem
1895 3294 2060 3359 valet
2104 3312 2175 3358 ac
2219 3291 2479 3375 σφοδρα,
2526 3312 2644 3357 ve-

235 3388 670 3474 hementer,
740 3396 840 3462 vel
904 3391 1191 3475 μάλιστα,
1259 3397 1617 3462 maxime.
1694 3434 1775 3443 —
1848 3394 2235 3476 αμαρτωλος,
2302 3398 2645 3477 peccato

238 3488 600 3576 deditus,
648 3514 792 3581 ergo
850 3515 1134 3580 peccans,
1196 3498 1420 3576 malus„
1481 3498 1731 3581 impius.
1776 3533 1862 3543 -—
1903 3498 2128 3579 γένηται
2169 3497 2232 3562 h.
2278 3495 2320 3561 1.
2367 3495 2530 3559 idem
2575 3513 2647 3561 ac

237 3606 406 3675 supra
445 3600 630 3680 φανῇ.
670 3633 756 3644 -
801 3597 1138 3681 Apostolus
1184 3599 1316 3663 scil.
1363 3617 1474 3682 per
1534 3599 2199 3683 prosopopoeiam
2256 3597 2529 3679 loquitur
2571 3596 2647 3661 de

237 3699 476 3772 peccato
521 3699 626 3783 (de
669 3699 1189 3784 concupiscentia)
1251 3699 1421 3765 velut
1479 3700 1554 3764 de
1619 3719 1911 3785 person
1934 3720 1971 3765 a
2028 3701 2293 3784 quadam
2337 3698 2398 3763 h.
2444 3699 2509 3775 l.,
2556 3698 2650 3762 uti

238 3790 294 3857 in
362 3800 815 3884 superioribuS,
902 3800 1052 3865 dum
1117 3800 1173 3865 ei
1235 3800 1458 3865 tribuit
1521 3803 1891 3885 operari,
1962 3804 2363 3868 mortuum
2431 3816 2642 3875 esse,

237 3900 762 3981 reviviscere,
829 3901 1221 3967 seducere
1281 3906 1343 3966 et
1401 3903 1808 3968 occidere.
1903 3901 2137 3969 Sensus
2198 3905 2327 3966 est:
2394 3900 2483 3965 Ut
2534 3899 2646 3963 illa

240 4003 720 4086 concupiscentia
743 4003 911 4068 mala
931 4005 1232 4085 tanquam
1258 4003 1526 4086 insignis
1557 4003 1868 4087 peccatrix
1892 4004 2024 4087 (seu
2050 4003 2317 4068 maxime
2349 4000 2641 4085 peccans)

237 4102 550 4169 manifesta
609 4104 786 4171 fieret
843 4104 1160 4171 occasione
1221 4105 1570 4188 praecepti;
1641 4124 1785 4170 seu:
1852 4110 1925 4169 ut
1986 4105 2258 4169 maxima
2323 4102 2642 4184 concupis-

243 4204 462 4272 centiae
508 4208 708 4272 malae
751 4205 1119 4289 perversitas
1167 4205 1500 4271 manifesta
1543 4205 1736 4271 fieret.

427 4306 500 4371 V.
553 4308 649 4373 14.
709 4306 994 4386 „Scimus
1051 4306 1228 4386 enim,
1290 4305 1474 4392 leyem
1528 4329 1651 4371 csse
1708 4304 2153 4393 spiritualem.“
2213 4342 2292 4352 —-
2356 4302 2536 4383 Quod
2577 4306 2644 4373 in

239 4408 610 4481 praecedenti
655 4428 835 4475 versu
883 4408 1150 4473 dixerat:
1217 4427 1405 4475 causa
1466 4410 1683 4477 mortis
1730 4407 1886 4474 mihi
1930 4408 2166 4473 exstitit
2208 4426 2330 4473 non
2373 4410 2488 4489 lex,
2536 4409 2643 4474 sed

241 4512 568 4592 peccatum,
609 4511 648 4577 i.
691 4528 740 4577 e.
786 4511 952 4579 mala
993 4510 1487 4595 concupiscentia
1526 4513 1592 4577 in
1629 4531 1730 4577 me
1765 4512 1987 4591 latens,
2033 4510 2098 4576 id
2140 4530 2303 4577 nunc
2347 4511 2541 4598 prob
2562 4514 2643 4583 at
