3234 4992
563 227 681 291 108
1570 222 1975 279 emmau.

560 410 722 494 (γάρ)
787 414 926 476 111111
989 430 1060 476 ex
1141 412 1543 476 communi
1615 410 2011 477 fidelium
2076 429 2525 490 consensu,
2596 410 2979 488 affirmando,

559 514 766 597 legem
825 532 958 577 esse
1020 512 1428 596 spiritualem,
1490 516 1625 579 tum
1672 516 1863 581 etiam
1910 513 2306 592 ostendendo,
2369 514 2769 601 ssitiatam
2816 530 2981 575 esse

557 614 916 679 hominis
973 617 1371 679 naturam.
1431 651 1518 663 -
1575 616 1703 681 Lex
1760 616 1819 679 11.
1885 617 1925 681 1.
1973 615 2200 681 (11011111-
2256 614 2783 698 spiritualis,
2844 630 2981 695 qua-

556 717 737 780 tenus
762 715 1062 798 originem
1085 715 1277 780 habet
1309 734 1381 779 ex
1418 715 1588 780 divi
1610 734 1704 781 no
1743 715 1963 800 Spiri
1987 719 2072 782 tu
2096 716 2392 800 (πνεῦμα),
2436 734 2511 780 ex
2544 716 2677 781 Deo
2718 714 2807 799 (v.
2837 714 2979 797 22),

559 820 623 880 01
665 820 967 899 quatenus
1028 819 1126 880 est
1181 818 1597 899 expressio
1659 818 1904 883 divinae
1964 818 2310 883 voluntatis
2354 818 2665 900 simulque
2710 833 2983 880 norma

558 918 750 982 nostri
808 916 1061 1001 spiritus
1124 915 1288 999 (Gal.
1347 918 1407 995 5,
1456 917 1602 1001 16.).
1663 956 1747 966 —-
1806 924 2045 1001 οἰδαμεν
2098 920 2443 999 scimus,
2506 919 2545 983 i.
2593 936 2646 983 e.
2694 916 2980 983 omnibus

556 1017 839 1083 fidelibus
899 1018 1308 1101 (christianis)
1364 1023 1605 1100 notum,
1665 1022 1956 1086 omnibus
2020 1020 2310 1085 fidelibus
2372 1020 2635 1085 constat.
2690 1056 2769 1064 ——
2819 1018 2980 1103 „Eyo

560 1142 698 1183 vcro
740 1119 1017 1183 cumali-s
1059 1126 1254 1183 sum.“
1294 1157 1380 1169 —·
1422 1122 1625 1188 Datur
1684 1125 1964 1206 quaestio
2020 1124 2185 1188 inter
2226 1122 2616 1206 interpretes,
2672 1122 2891 1185 utrum
2934 1138 2978 1186 s.

554 1221 787 1286 Paulus
830 1222 896 1285 in
941 1240 1054 1285 sua
1096 1240 1356 1305 persona
1415 1226 1653 1288 statum
1710 1225 1985 1290 hominis
2044 1225 2191 1289 sub
2252 1225 2443 1307 lege
2506 1219 2975 1297 constituti,

555 1323 910 1387 nondum
964 1320 1438 1405 justificati
1496 1323 1920 1410 (regenerati),
1982 1344 2062 1392 an
2121 1325 2237 1392 sub
2294 1324 2579 1409 gratia
2636 1320 2975 1399 constituti,

547 1424 638 1509 ju
658 1443 687 1489 s
708 1423 1040 1488 tificati
1083 1425 1479 1511 (regenerati)
1524 1426 1851 1493 describat.

763 1525 1137 1608 Apostolum
1197 1526 1264 1591 in
1327 1546 1440 1592 sua
1496 1548 1760 1612 persona
1820 1530 2167 1595 describere
2226 1527 2497 1593 hominis
2562 1528 2811 1590 statum
2874 1522 2974 1587 sub

555 1626 736 1709 lege
778 1626 1234 1693 constituti
1271 1647 1377 1694 seu
1410 1632 1751 1696 nondum
1790 1630 2306 1715 regenerati,
2339 1628 2564 1693 docent
2599 1626 2731 1691 fere
2772 1641 2973 1690 omnes

556 1728 921 1811 interpretes
965 1731 1277 1813 graeci,
1323 1732 1416 1795 uti
1458 1732 1648 1797 etiam
1687 1732 2213 1816 Augustinus
2257 1732 2529 1815 primum
2572 1730 2877 1794 senuerat.
2902 1764 2971 1779 -—

558 1827 944 1894 Sententiam
987 1831 1371 1912 alteram,
1419 1834 1550 1898 soil.
1579 1836 1934 1918 apostolum
1976 1834 2143 1916 loqui
2178 1833 2253 1898 de
2275 1831 2527 1897 homine
2552 1832 2671 1895 sub
2710 1826 2969 1913 gratia

558 1929 895 1994 constituto
953 1949 1059 1995 seu
1122 1933 1648 2017 regeneratO,
1712 1954 1899 2018 quam
1961 1934 2154 1999 etiam
2214 1954 2263 2001 s,
2324 1932 2862 2016 Augustinus
2913 1928 2968 1991 in

557 2031 800 2114 scriptis
845 2031 1286 2115 posterioribus
1332 2034 1554 2114 docuit,
1613 2035 1830 2100 tenent
1873 2035 2170 2120 permulti
2228 2036 2599 2118 interpretes
2657 2050 2857 2114 usque
2898 2028 2965 2093 ad

554 2132 876 2198 Estium
923 2138 985 2198 et
1031 2133 1498 2201 Cornelium
1545 2156 1583 2202 a
1624 2137 1945 2221 Lapide.
1993 2174 2079 2184 -
2120 2136 2354 2216 Quodsi
2408 2136 2585 2219 ipsae
2646 2148 2965 2217 expres-

555 2234 864 2311 siones,
926 2236 1150 2317 quibus
1211 2237 1629 2303 internum
1688 2237 2140 2303 dissidium
2217 2239 2282 2302 in
2344 2236 2597 2301 homine
2666 2230 2963 2308 describit,

555 2336 1034 2414 considerentur,
1082 2337 1300 2415 elucet,
1348 2340 1695 2421 apostolum
1766 2340 1864 2404 vix
1919 2339 1997 2405 ob
2058 2339 2263 2404 oculos
2314 2338 2611 2403 habuisse
2656 2334 2962 2401 hominem

545 2435 681 2518 jam
725 2440 1292 2518 regeneratum
1339 2438 1834 2523 (justificatum);
1898 2440 1997 2506 hic
2041 2441 2228 2519 enim,
2288 2439 2383 2504 uti
2438 2437 2678 2502 dixerat
2737 2435 2822 2521 (6,
2866 2432 2960 2516 3.),

554 2554 699 2600 011111
730 2535 974 2602 Christo
1017 2540 1356 2604 secundum
1389 2544 1662 2606 veterem
1706 2542 2024 2607 hominem
2069 2544 2439 2606 mortuus
2485 2542 2549 2603 et
2592 2538 2962 2622 sepultus

557 2640 671 2703 est.
763 2639 856 2703 De
919 2644 1280 2723 regenerato
1338 2642 1728 2727 (justificato)
1786 2642 1954 2708 haud
2012 2646 2255 2726 poterat
2298 2641 2613 2725 apostolus
2658 2636 2957 2721 simpli-

553 2738 764 2803 citer
825 2740 1042 2820 dicere,
1105 2744 1264 2824 quod
1307 2763 1363 2808 v.
1414 2744 1510 2808 19.
1561 2743 1734 2822 dicit,
1800 2743 2056 2822 scilicet,
2117 2743 2326 2826 quod
2387 2742 2719 2821 bonum,
2768 2736 2959 2823 quod

550 2841 752 2920 vult,
799 2848 953 2909 11011
1011 2845 1321 2922 faciat;
1389 2845 1692 2909 malum
1739 2861 1956 2923 vero,
2020 2845 2231 2927 quod
2291 2855 2440 2909 11011
2512 2843 2725 2922 vult,
2795 2859 2955 2924 ope·

550 2945 791 3009 retur.
842 2982 918 2991 —-
964 2946 1343 3030 Praeprimis
1391 2947 1602 3010 autem
1647 2946 1909 3029 priori
1956 2946 2301 3011 sententiae
2352 2945 2561 3010 favent
2604 2962 2825 3009 versus
2866 2940 2954 3006 24.

548 3048 611 3108 et
653 3045 775 3125 25„
834 3047 945 3112 ubi
987 3049 1303 3131 apostolus
1322 3097 1337 3128 ,
1397 3047 1707 3131 descripto
1765 3048 1930 3113 tristi
1990 3047 2245 3112 dissidio
2309 3048 2567 3124 interne,
2630 3042 2951 3110 exclamat:

549 3145 853 3212 Infelix
909 3167 1056 3232 ego
1113 3149 1380 3213 homo!
1441 3148 1624 3231 quis
1686 3167 1803 3213 me
1860 3148 2279 3215 liberabit
2340 3166 2429 3213 ex
2483 3148 2627 3212 hoc
2672 3147 2953 3211 misero

550 3266 578 3309 s
602 3249 863 3327 tatu?;
931 3250 1007 3314 ad
1052 3251 1218 3333 quod
1282 3250 1654 3333 respondet:
1712 3250 1756 3315 J
1760 3268 1901 3314 esus
1968 3248 2254 3315 Christus
2324 3251 2435 3327 est,
2504 3248 2609 3331 qui
2672 3267 2779 3312 me
2834 3246 2953 3329 jam

497 3400 506 3408 .
547 3345 930 3415 liberaverat.
978 3349 1365 3434 Quapropter
1407 3351 1596 3415 etiam
1629 3350 1694 3415 in
1727 3350 2129 3434 sequentibus
2170 3348 2333 3431 σάρξ
2374 3350 2706 3433 opponitur
2748 3372 2831 3427 τῳ
2870 3353 2959 3408 voe·

547 3444 796 3533 (menti)
841 3470 950 3516 seu
991 3456 1081 3528 τῷ·
1127 3455 1241 3513 έσω
1286 3449 1595 3534 ἀνθρώπῳ
1656 3451 1922 3536 (1101111111
1965 3452 2288 3533 interiori),
2352 3469 2477 3516 non
2520 3455 2734 3517 autem
2780 3464 2949 3533 oppo-

545 3549 729 3626 nitur,
794 3553 886 3617 uti
945 3554 1008 3618 in
1067 3555 1330 3637 epistola
1389 3556 1466 3619 ad
1513 3553 1871 3620 Galatas
1932 3553 2017 3638 (5,
2069 3553 2217 3638 17.),
2282 3554 2348 3619 in
2393 3572 2514 3637 qua
2565 3552 2847 3635 loquitur
2884 3548 2947 3611 de

543 3650 794 3716 homine
839 3653 954 3718 sub
999 3655 1270 3737 gratia
1329 3656 1669 3720 constituto
1714 3656 1853 3739 (seu
1908 3654 2465 3739 regenerato),
2527 3659 2619 3732 τῷ
2660 3652 2947 3732 πνεύματι,

547 3754 620 3817 (10
666 3772 783 3835 quo
829 3755 892 3820 in
937 3755 1014 3820 iis
1055 3759 1326 3836 tantum,
1374 3758 1477 3839 qui
1520 3777 1630 3840 per
1667 3757 1855 3821 fidem
1894 3760 1955 3821 et
1991 3757 2389 3841 baptismum*
2415 3755 2764 3839 regenerati
2798 3751 2941 3827 sunt,

545 3873 748 3920 sermo
793 3875 928 3921 esse
973 3858 1210 3940 potest3
1274 3858 1339 3921 in
1398 3861 1757 3941 regenerato
1820 3859 1983 3923 enim
2033 3859 2071 3920 ὀ
2110 3862 2265 3934 νοῦς,
2310 3876 2349 3922 a
2392 3856 2627 3940 Spiritu
2670 3876 2719 3921 S.
2768 3854 2941 3921 collu-

544 3959 776 4022 stratus
820 3960 882 4022 et
935 3960 1159 4036 rectus,
1219 3958 1291 4022 fit
1332 3961 1575 4039 πνεῦμα.
1621 3995 1707 4007 -
1750 3958 1910 4039 Quia
1963 3960 2173 4025 autem
2228 3959 2417 4023 etiam
2476 3958 2541 4023 in
2600 3955 2940 4021 hominibus

534 4058 1060 4141 justificatis
1108 4060 1532 4144 (regeneratis)
1593 4062 1763 4126 istud
1826 4062 2151 4127 dissidium
2211 4061 2371 4125 inter
2428 4077 2677 4124 carnem
2726 4061 2789 4123 et
2830 4055 2941 4138 spi-

540 4160 729 4224 ritum
775 4161 1083 4243 perdurat,
1140 4180 1331 4244 quum
1378 4162 1876 4245 concupiscentia
1918 4181 2060 4228 cum
2108 4162 2235 4227 suis
2280 4160 2727 4243 cupiditatibus
2772 4159 2937 4224 etiam

539 4262 603 4325 in
661 4262 911 4328 homine
957 4267 1327 4347 regenerato
1394 4263 1684 4347 spiritum
1749 4266 2083 4348 oppugnet,
2149 4264 2353 4347 potest
2414 4262 2552 4341 dici,
2612 4262 2938 4346 apostolum

540 4382 624 4427 ex
683 4368 911 4446 parte
966 4366 1156 4431 etiam
1217 4366 1295 4431 ad
1351 4364 1520 4430 hunc
1575 4368 1815 4431 statum
1880 4365 2152 4431 hominis
2206 4365 2535 4448 justificati
2592 4364 2932 4448 respexisse.

540 4463 922 4550 Quapropter
976 4467 1166 4560 etiam
1225 4468 1484 4533 ecclesia
1541 4467 1608 4533 in
1668 4484 1931 4551 persona
1991 4468 2271 4534 omnium
2342 4466 2744 4533 fidelium
2802 4464 2931 4538 orat.
