3234 4992
533 291 623 357 54
793 327 800 332 ,
1511 285 1619 337 Cap.
1647 287 1736 328 m.
1760 297 1809 328 v.
1835 282 2003 326 24—25.

531 475 900 559 ὑστερεῖσθαι
944 473 1218 558 proprie:
1264 473 1816 557 posteriorem
1860 489 2081 546 esse,
2128 469 2257 534 sive
2281 467 2437 544 loco,
2480 465 2609 529 sive
2634 463 2967 544 tempore:

531 578 673 642 dein
715 576 1108 658 relinqui,
1167 575 1309 639 inde
1353 593 1675 650 carere,
1742 573 2123 656 indigere
2189 569 2272 655 (2.
2322 567 2454 634 Oor.
2505 568 2604 644 11,
2670 565 2728 630 8.
2798 563 2964 628 Phil.

528 681 589 755 4,
641 679 791 762 12.).
838 715 922 725 -
965 672 1119 749 δόξα
1162 677 1316 752 lana,
1363 677 1594 758 gloria3
1664 674 1820 748 δόξα
1860 677 1969 736 τοῦ
2011 675 2167 734 θεοῦ
2209 671 2307 735 631
2347 672 2507 748 laus,
2553 685 2708 752 quae
2752 685 2790 731 a
2832 665 2968 729 Deo

532 781 734 856 venit3
779 778 959 843 hinc:
1006 778 1215 842 carent
1234 777 1418 842 laude
1441 778 1557 842 Dei
1605 778 1787 863 (θεοῦ
1806 774 2073 858 Ξπαρά
2120 773 2301 856 θεοῦ)
2346 774 2477 836 est:
2523 769 2739 835 carent
2778 766 2969 832 laude

533 901 625 960 ea,
691 899 877 963 quam
939 879 1112 943 Deus
1178 879 1418 956 tribuit,
1485 898 1593 943 seu
1659 880 1842 945 laude
1908 897 2069 942 vera.
2119 911 2194 923 ———
2244 873 2452 954 Quum
2517 871 2620 936 hic
2685 869 2969 934 defectus

530 983 761 1068 gloriae
825 981 980 1057 Dei,
1046 980 1142 1044 uti
1211 998 1242 1043 e
1309 982 1598 1044 contextu
1664 982 1851 1064 patet,
1921 979 2002 1043 sit
2067 976 2319 1058 sequela
2384 971 2750 1057 peccati,
2820 987 2967 1052 ergo

536 1083 864 1168 originarie
906 1083 1090 1148 homo
1151 1099 1291 1145 eam
1355 1081 1595 1158 habuit,
1642 1117 1719 1127 —
1766 1081 1980 1162 utique
2046 1078 2243 1162 gloria
2286 1075 2403 1140 Dei
2444 1075 2504 1138 h.
2553 1073 2593 1137 1.
2641 1072 2731 1137 1111
2794 1071 2970 1135 aliud

538 1187 1119 1267 essepotest,quam
1150 1182 1394 1265 imago
1430 1182 1562 1246 Dei
1593 1174 2689 1264 supernaturalis,justitia
2721 1173 2968 1256 origi-

529 1286 796 1362 naria,
865 1303 977 1349 seu
1022 1286 1225 1348 status
1270 1283 1596 1365 gratiae
1665 1280 2331 1348 sanctificantis.
2384 1315 2459 1325 —
2504 1277 2687 1342 Nunc
2752 1276 2820 1340 in
2866 1293 2967 1338 se-

530 1386 862 1471 quentibus
906 1385 1435 1450 describitur
1470 1384 1836 1468 justificatio
1881 1404 1990 1468 per
2031 1383 2236 1448 varias
2281 1380 2415 1463 ejus
2459 1395 2771 1443 causas.

738 1487 812 1551 V.
853 1486 952 1550 24.
1001 1484 1396 1571 „Quippequi
1416 1485 2032 1576 qratisjustificentur
2052 1483 2261 1570 qratia
2282 1485 2453 1571 ejuffl
2472 1503 2494 1560 ,⁰
2535 1480 2574 1544 i.
2602 1498 2653 1544 e.
2678 1478 2968 1544 homines

533 1588 831 1652 nimirum
878 1589 1234 1669 peccatores
1278 1587 1548 1670 gratiam
1587 1587 2047 1670 justificationis
2072 1585 2205 1650 sine
2229 1584 2357 1648 ullo
2382 1583 2683 1646 bonorum
2710 1598 2967 1664 operum

535 1689 776 1766 merito,
847 1707 918 1752 ex
983 1688 1401 1771 gratuita
1463 1687 1580 1752 Dei
1647 1686 2301 1752 misericordia
2366 1683 2837 1765 consequuntur.
2881 1718 2967 1730 —

535 1789 821 1856 Gratia
864 1788 1030 1872 ejus;
1076 1807 1221 1852 nam
1249 1806 1434 1852 causa
1459 1787 1735 1852 efficiens
1752 1788 2222 1872 justificationis
2250 1825 2327 1834 —
2356 1788 2451 1850 est
2481 1785 2967 1850 misericors

534 1892 721 1955 Deus
769 1889 980 1973 (Conc.
1028 1889 1194 1954 Trid.
1243 1909 1394 1954 sess,
1442 1891 1502 1955 6.
1548 1909 1682 1973 cap.
1731 1890 1834 1974 7.).
1926 1889 2093 1968 „Per
2134 1887 2620 1972 redemptionem,
2679 1908 2837 1972 quae
2880 1895 2970 1948 est

533 1992 602 2056 in
652 1991 889 2057 Christo
932 1991 1145 2055 Jesu‘ss
1187 2028 1274 2037 —
1314 1991 1537 2055 Verbis
1581 1992 1680 2055 his
1723 1991 2031 2056 indicatur
2075 2010 2138 2054 m
2159 1991 2387 2067 oduS,
2436 2007 2555 2071 quo
2594 1987 2963 2070 justificatio

535 2095 778 2178 generis
823 2094 1083 2158 humani
1145 2093 1362 2158 effecta
1430 2093 1579 2171 fuit,
1649 2097 1953 2174 quatenus
2022 2092 2305 2158 Christus
2373 2091 2529 2154 illud
2595 2089 2969 2172 pretium

537 2197 930 2279 appenderat,
1001 2196 1161 2277 quod
1206 2195 1376 2259 Deus
1436 2213 1544 2277 pro
1591 2195 1834 2258 infinita
1899 2213 2012 2259 sua
2068 2193 2321 2277 justitia
2386 2192 2463 2256 ad
2528 2190 2967 2255 redimendum

536 2315 733 2380 genus
799 2296 1154 2359 humanum
1195 2314 1265 2358 ex
1330 2296 1639 2377 potestate
1705 2295 1960 2378 peccati,
2031 2294 2522 2370 maledictionis,
2606 2290 2839 2358 diaboli
2900 2295 2969 2356 et

538 2395 778 2476 mortis,
823 2395 1183 2479 postulavit,
1233 2395 1364 2459 scil.
1393 2395 1761 2461 effundendo
1787 2396 2151 2480 sanguinem
2182 2415 2383 2461 suum.
2431 2433 2499 2442 —
2558 2392 2969 2476 ἀπολύτρωσις

535 2497 776 2581 proprie
818 2496 1260 2573 redemtio,
1325 2495 1726 2563 liberatio
1771 2497 1957 2562 dato
2005 2497 2309 2579 pretio;
2378 2496 2518 2561 dein
2560 2496 2967 2560 liberatio

537 2597 916 2682 generatim3
982 2596 1404 2681 metaphorice
1462 2602 1559 2662 est
1615 2598 2019 2663 liberatio
2066 2617 2098 2661 e
2142 2599 2369 2662 statu
2438 2597 2838 2663 miseriae
2902 2599 2969 2660 et

542 2697 996 2763 collocatio
1039 2699 1121 2764 in
1187 2697 1624 2763 meliorem
1690 2699 2253 2766 conditionem.
2315 2736 2395 2747 —
2441 2699 2799 2764 Adhibetur
2844 2699 2967 2762 hoc

539 2818 722 2864 sensu
767 2818 951 2883 saepe
995 2799 1059 2864 in
1119 2818 1166 2864 3.
1237 2799 1540 2883 scriptura
1584 2801 1659 2864 de
1724 2801 2090 2878 Christo,
2152 2805 2369 2884 utpote
2434 2801 2539 2883 qui
2596 2800 2883 2866 homines
2930 2819 2967 2863 e

539 2901 850 2984 potestate
895 2902 1155 2985 peccati,
1203 2902 1681 2978 maledictionis,
1728 2903 1957 2967 diaboli
2000 2910 2062 2966 et
2106 2903 2345 2977 11161113,
2394 2903 2591 2968 1116116
2635 2919 2749 2966 sua
2793 2902 2968 2986 (san-

535 3001 722 3087 guine
745 3002 810 3067 in
834 3002 1102 3085 pretium
1129 3003 1573 3085 redemptionis
1598 3003 1815 3086 effuso)
1836 3004 2137 3080 liberavit,
2185 3004 2314 3067 Deo
2338 3002 2517 3068 Patri
2538 3002 2969 3066 reconciliavit

538 3105 716 3188 eique
761 3106 1050 3188 acceptos
1091 3105 1380 3169 reddidit.
1429 3102 1548 3187 (Of.
1599 3103 1782 3170 Conc.
1830 3104 1996 3168 Trid.
2043 3105 2082 3169 1.
2132 3103 2231 3189 6.).
2279 3140 2357 3150 -

740 3205 972 3272 Sensus
1015 3205 1208 3272 totius
1274 3225 1489 3271 versus
1555 3210 1682 3271 est:
1749 3206 2053 3270 Homines
2121 3208 2474 3288 peccatores
2539 3203 2968 3286 justificantur

536 3325 608 3371 ex
650 3308 924 3389 gratuita
968 3307 1083 3371 Dei
1131 3307 1547 3372 misericordia
1591 3327 1701 3390 per
1743 3306 2252 3389 redemptionem,
2326 3324 2512 3387 quam
2573 3304 2720 3369 fecit
2764 3304 2962 3370 Jesus

539 3404 826 3471 Christus
873 3407 1194 3491 sanguinis
1240 3409 1335 3472 sui
1381 3408 1711 3484 effusione3
1778 3428 1944 3473 seu:
2004 3409 2359 3491 peccatores
2418 3406 2850 3490 justificantur
2894 3425 2969 3471 ex

536 3506 812 3590 gratuita
854 3507 970 3571 Dei
1014 3508 1432 3574 misericordia
1475 3528 1584 3592 per
1628 3509 1672 3575 J
1676 3528 1850 3573 esum
1900 3508 2218 3574 Christum
2262 3510 2740 3593 redemptorem.

746 3607 822 3671 V.
867 3608 970 3684 25.
1017 3607 1257 3687 „Quem
1293 3611 1623 3695 proposuit
1664 3610 1835 3674 Deus
1877 3611 2185 3674 victimam
2228 3611 2683 3696 ezpiatmvcaw
2698 3634 2721 3690 ,⁰
2781 3612 2965 3694 quasi

541 3707 810 3773 diceret:
859 3707 1057 3788 Quem
1106 3711 1272 3774 Deus
1315 3711 1496 3775 nobis
1542 3712 1713 3776 dedit
1752 3712 1893 3794 (seu
1931 3713 1995 3775 in
2019 3713 2344 3794 propatulo
2388 3712 2619 3796 posuit)
2645 3731 2758 3777 ceu
2782 3715 2967 3778 victi-

537 3827 708 3874 mam
734 3809 1154 3895 expiatoriam.
1192 3816 1539 3892 προτιθημί,
1561 3831 1853 3896 propono,
1870 3813 1935 3877 in
1958 3815 2277 3896 propatulo
2300 3831 2474 3897 pono.
2506 3849 2585 3860 -
2611 3813 2969 3896 ἱλαστήριον.

536 3910 770 3976 Vocem
816 3912 975 3976 hanc
1021 3911 1258 3977 diverse
1303 3914 1610 3997 explicant
1655 3915 2039 3997 interpretes.
2087 3914 2387 3980 Nonnulli
2431 3917 2772 3999 respiciunt
2819 3935 2967 3982 eam

539 4011 1075 4096 significationem,
1142 4031 1263 4095 qua
1307 4014 1741 4079 subintellecto
1801 4015 2099 4080 vocabulo
2144 4017 2403 4096 ἐπίθεμα
2446 4017 2701 4082 denotat
2745 4037 2836 4102 op
2854 4037 2968 4083 er-

535 4114 803 4179 culum
847 4133 1078 4179 arcae
1144 4113 1508 4179 foederis
1552 4114 1745 4198 (quod
1811 4116 2168 4181 thronus
2230 4119 2557 4200 gratiae
2632 4118 2967 4184 dicebatur

533 4213 720 4279 Exod.
769 4214 869 4294 25,
919 4217 1067 4300 17.)‚
1114 4233 1328 4280 versus
1374 4217 1537 4298 quod
1580 4217 1777 4282 veluti
1834 4219 2221 4299 praesentiae
2289 4219 2532 4283 divinae
2595 4220 2963 4302 symbolum

535 4316 943 4396 spargebatur
1002 4337 1040 4382 a
1105 4335 1353 4383 summo
1422 4318 1740 4382 sacerdote
1807 4319 2061 4401 sanguis
2127 4319 2417 4383 victimae
2464 4319 2683 4405 (Hebr.
2732 4321 2795 4398 9,
2844 4321 2968 4405 5.),

523 4412 615 4478 ita
655 4415 728 4478 ut
771 4434 988 4481 sensus
1029 4419 1220 4483 esset:
1295 4415 1636 4483 Constituit
1677 4421 1847 4484 Deus
1893 4418 2213 4484 Christum
2277 4424 2576 4504 tanquam
2643 4423 2947 4488 thronum

537 4515 790 4598 gratiae,
812 4517 890 4579 ad
913 4535 1097 4602 quem
1121 4518 1407 4584 accedere
1430 4521 1747 4602 possimus
1770 4519 2140 4586 obtinendae
2156 4521 2623 4604 justificationis
2648 4541 2855 4592 causa.
2882 4561 2951 4575 --
