3234 4992
1291 247 1675 301 capuano.
2580 249 2707 314 151

265 432 703 512 indurare,
749 434 898 498 licet
939 440 1152 518 posset
1197 436 1386 500 etiam
1431 437 1680 521 hujus
1725 436 2019 515 misereri,
2065 438 2275 519 posset
2332 432 2467 517 quis
2508 433 2706 517 obji-

265 552 300 597 3
321 552 490 597 ere:
553 552 664 599 cur
725 552 867 618 ergo
924 535 1094 601 Deus
1154 535 1231 600 de
1289 537 1721 619 peccatoribus
1782 536 2176 619 conqueritur
2233 552 2457 618 eosque
2505 534 2705 618 punit,

269 652 540 717 quorum
585 652 709 699 non
754 636 1088 701 miseretur
1123 636 1544 720 justificando,
1607 656 1751 703 cum
1801 636 1929 715 alii,
1976 653 2237 719 quorum
2282 654 2392 719 per
2434 636 2705 720 gratiam

264 735 420 799 fidei
469 739 530 800 et
572 754 681 818 per
729 735 1246 819 justificationem
1312 738 1378 802 in
1435 737 1557 803 fide
1616 739 1960 815 miseretur,
2022 756 2096 801 ex
2152 756 2284 801 sese
2328 754 2451 801 non
2496 737 2704 802 minus

265 837 397 901 sint
459 835 883 902 misericordia
946 838 1234 921 indigni?
1297 876 1366 885 ——
1434 840 1535 915 ἐτι,
1599 838 1891 916 adhuc,
1965 839 2004 901 i.
2065 857 2115 902 e.
2177 840 2508 920 postquam
2573 839 2709 921 ipse

266 937 428 1003 velit
445 986 462 1016 ,
535 956 639 1002 eos
701 956 835 1003 esse
902 941 1274 1021 peccatores.
1363 978 1438 989 --
1508 942 1824 1021 μέμφεται,·
1876 939 2217 1022 vituperat,
2298 938 2707 1021 conqueritur,

261 1040 473 1123 punit,
522 1038 650 1103 scil.
701 1038 888 1118 DeuS,
936 1040 1006 1103 ut
1050 1042 1368 1107 contextus
1416 1044 1497 1126 (v,
1546 1042 1675 1126 18.)
1720 1042 1915 1106 docet.
1961 1075 2046 1087 —
2099 1035 2373 1121 βούλημα
2419 1039 2589 1103 idem
2636 1058 2709 1105 ac

261 1161 320 1206 v.
397 1142 498 1205 18.
533 1162 539 1167 ·
569 1140 782 1203 θέλειν.
851 1178 918 1187 --
993 1140 1315 1225 ἅνθέστηκι
1360 1145 1552 1210 habet
1597 1143 2113 1228 significationem
2178 1158 2474 1224 praese
2496 1142 2707 1205 ntis:

263 1242 570 1306 resistere
611 1244 838 1325 potest.

476 1342 552 1408 V.
597 1344 700 1409 20.
747 1342 964 1421 „Quin
1005 1345 1147 1424 ime,
1193 1367 1227 1409 ο
1269 1347 1483 1410 homo!
1546 1355 1611 1409 ῠιι
1654 1346 1791 1431 quia
1832 1366 1912 1423 es,
1974 1344 2082 1429 qui
2121 1363 2443 1428 responsas
2485 1340 2621 1405 Deo
2638 1341 2707 1405 .²“

264 1443 634 1527 Objectioni
679 1445 851 1527 prius
898 1445 1200 1511 adductae
1245 1447 1446 1512 inerat
1503 1446 1932 1512 accusatio
1979 1444 2122 1508 Dei
2165 1443 2504 1521 indirecta;
2562 1442 2709 1507 hinc

264 1546 466 1610 etiam
537 1545 861 1629 apostolus
929 1545 1346 1630 objectionem
1415 1548 1594 1613 illam
1661 1565 1782 1613 non
1849 1546 2161 1612 directe
2227 1544 2493 1623 refutat,
2578 1544 2707 1621 sed,

267 1664 472 1729 quum
517 1646 770 1711 initium
831 1647 1172 1730 sapientiae
1243 1648 1327 1713 sit
1383 1649 1633 1713 timor
1676 1649 1731 1712 D
1753 1648 1817 1713 ei
1875 1646 2313 1732 (Ecclesiastic.
2366 1647 2422 1725 1,
2475 1646 2601 1729 16.)
2647 1645 2712 1709 31

265 1747 724 1811 humilitas
781 1748 1020 1830 primus
1077 1749 1308 1831 gradus
1353 1749 1432 1813 ad
1489 1750 1791 1832 mysteria
1842 1749 2082 1833 gratiae
2130 1749 2193 1811 31
2236 1746 2516 1811 veritatis
2562 1762 2707 1829 cog-

270 1848 591 1913 noscenda
636 1848 891 1932 (Matth.
945 1851 1041 1925 11,
1089 1848 1240 1932 26.),
1303 1850 1503 1915 30111111
1565 1850 1858 1929 ostendit,
1925 1866 2242 1914 summam
2284 1847 2415 1912 fore
2458 1850 2707 1911 teme-

269 1950 622 2015 ritatem
667 1950 850 2032 atque
894 1950 1532 2032 impudentiam,
1595 1952 1647 2015 si
1692 1952 1897 2029 homo,
1960 1950 2203 2027 misera,
2266 1948 2443 2012 finita
2497 1948 2561 2011 31
2604 1947 2708 2011 de-

271 2050 430 2117 bilis
476 2051 775 2129 creatura,
824 2050 1174 2133 disceptare
1211 2051 1398 2116 vellet
1443 2071 1586 2116 cum
1615 2052 1743 2117 Deo
1789 2051 2029 2116 infinito
2075 2050 2138 2115 et
2180 2052 2475 2126 creatore,
2520 2052 2705 2129 atque

274 2153 357 2217 ab
432 2169 502 2216 eo
564 2151 825 2235 exigere,
894 2152 964 2216 ut
1025 2152 1330 2216 rationem
1396 2152 1614 2218 reddat
1684 2172 1832 2217 suae
1898 2151 2122 2236 agendi
2168 2149 2447 2226 rationis,
2511 2166 2705 2231 quum

273 2253 428 2321 ante
487 2251 698 2316 omnia
759 2257 1074 2317 creaturae
1133 2252 1422 2318 rationali
1486 2253 1727 2317 certum
1788 2271 1917 2317 esse
1963 2252 2205 2329 debeat,
2268 2250 2478 2315 omnia
2521 2266 2709 2331 opera

273 2352 400 2417 Dei
446 2370 585 2416 esse
631 2355 920 2417 sancta
961 2353 1024 2416 et
1059 2352 1306 2434 justa.
1361 2389 1433 2400 —
1481 2352 1616 2418 Vox
1670 2356 1955 2434 μενοῦνγε,
2017 2370 2172 2434 (11133
2218 2352 2282 2416 111
2326 2350 2605 2435 Vulgata
2648 2351 2713 2412 et

277 2452 599 2519 nonnullis
645 2452 958 2518 codicibus
997 2453 1191 2532 deest,
1237 2454 1296 2518 h.
1338 2454 1385 2518 l.
1434 2457 1650 2519 notat:
1698 2453 1887 2536 quin
1930 2454 2034 2519 im
2056 2472 2123 2533 0,
2166 2452 2257 2517 ita
2290 2454 2362 2517 ut
2401 2448 2715 2516 sententia

277 2554 441 2619 haec
519 2552 604 2617 sit
683 2554 1210 2637 corrigentis;
1285 2554 1430 2620 hinc
1485 2574 1705 2620 sensus
1787 2555 1916 2621 est:
2006 2553 2223 2620 Potius
2306 2571 2420 2636 ego
2480 2555 2543 2616 te
2608 2550 2707 2617 in-

279 2657 554 2737 terrogo,
611 2673 800 2737 quam
862 2657 933 2719 nt
990 2656 1060 2719 111
1138 2654 1305 2719 1111113
1374 2655 1800 2739 interrogandi
1864 2656 1969 2741 jus
2025 2655 2302 2721 haberes,
2392 2654 2468 2718 In
2516 2650 2563 2713 ai
2609 2649 2711 2714 ἀν-

281 2763 500 2837 θρωπε
544 2755 604 2820 11.
649 2756 691 2821 l.
740 2755 836 2819 331
893 2755 1344 2839 emphasis:
1401 2754 1608 2834 home,
1657 2756 1761 2839 qui
1820 2774 1886 2821 es
1946 2758 2193 2836 misera,
2254 2756 2433 2820 finita
2488 2756 2549 2819 et
2607 2755 2711 2818 de-

283 2856 437 2921 bilis
515 2859 832 2933 creatura;
911 2854 1004 2920 ita
1075 2856 1320 2939 objectu
1385 2856 1646 2922 vilitatis
1732 2856 2174 2941 interrogantis
2238 2856 2513 2921 retundit
2578 2855 2711 2938 ejus

287 2956 666 3041 superbiam.
713 2993 797 3004 —
838 2954 912 3018 σὺ
952 2959 1040 3029 τίς
1082 2961 1133 3018 εἰ
1175 2975 1320 3023 311111
1364 2957 1770 3041 emphasi:
1816 2959 2150 3040 quantulus
2195 2978 2275 3023 es.
2327 2994 2408 3005 -
2452 2956 2711 3019 ἀνταπο-

283 3062 592 3142 κρίνεσθαι
637 3059 738 3143 (ex
781 3056 909 3121 ἀντι
961 3061 1178 3124 contra
1231 3063 1295 3124 ct
1352 3057 1808 3143 ἀποκρίνεσθαι)
1864 3060 2139 3144 proprie:
2202 3063 2415 3126 contra
2457 3075 2713 3141 respon-

289 3164 455 3242 dere,
502 3160 924 3246 respondendo
970 3160 1405 3241 contradicere,
1468 3178 1950 3244 responsare
1996 3160 2187 3244 (quod
2230 3161 2423 3227 habet
2462 3176 2712 3243 respon-

287 3263 478 3330 dendi
525 3264 716 3329 simul
773 3266 836 3329 et
895 3262 1282 3346 repugnandi
1340 3262 1700 3346 notionem).
1769 3299 1841 3310 —
1902 3262 2107 3346 Turpe
2151 3254 2307 3343 esse,
2364 3266 2711 3329 creaturam

286 3364 546 3449 obloqui
590 3366 723 3430 Deo
769 3362 1027 3429 creatori
1079 3366 1141 3428 et
1194 3363 1465 3430 rationes
1526 3364 1765 3445 exigere
1810 3364 1890 3429 ab
1938 3382 2027 3444 eo,
2088 3365 2358 3430 declarat
2418 3362 2712 3429 similitu-

286 3467 434 3532 dine
456 3466 727 3551 figuli.
779 3502 849 3513 —-
898 3464 1116 3543 „Num
1153 3463 1311 3529 dicet
1334 3464 1693 3551 figmentum
1709 3464 1958 3550 fictori:
2007 3465 2175 3540 Quid
2194 3488 2287 3531 me
2315 3464 2716 3552 itafecisti?“

285 3567 649 3633 Similitudo
692 3568 847 3632 haec
889 3566 1086 3649 figuli,
1147 3566 1300 3631 satis
1359 3566 1649 3650 frequens
1713 3568 1777 3632 in
1834 3568 2013 3633 libris
2057 3568 2132 3633 V.
2180 3568 2248 3632 Τ.
2299 3567 2371 3650 (J
2375 3587 2459 3633 es.
2506 3566 2608 3647 45,
2653 3567 2710 3633 9.

286 3668 423 3734 Jer.
473 3668 573 3747 18,
619 3669 678 3734 6.
727 3666 842 3733 Sir.
876 3667 978 3747 33,
1028 3666 1124 3731 13.
1170 3667 1319 3751 14.),
1366 3668 1849 3733 immediate
1912 3669 2202 3753 exprimit
2247 3667 2712 3735 absolutam

283 3770 406 3835 Dei
452 3772 832 3854 potestatem
893 3772 956 3833 et
1001 3770 1315 3833 creaturae
1374 3788 1403 3833 3
1425 3769 1521 3834 ub
1532 3770 1900 3853 jectione
1921 3790 2019 3849 m;
2081 3770 2447 3854 supponitur
2504 3771 2713 3833 autem

282 3871 350 3935 in
399 3869 636 3935 artifice
681 3868 908 3947 divino,
934 3870 1084 3959 De0,
1111 3868 1356 3934 infinita
1399 3870 1843 3951 3311311133,
1888 3870 2244 3949 bonitaS,
2294 3867 2717 3952 sapientia

284 3974 351 4035 et
388 3970 764 4055 justitia.
855 3970 1056 4035 Probe
1100 3973 1312 4036 autem
1359 3971 1734 4051 advertatur,
1794 3971 2081 4037 observat
2122 3970 2597 4046 Franzelin,
2644 3988 2716 4031 ex

283 4074 426 4156 ipsa
487 4072 692 4138 indole
749 4071 1130 4154 quaestionis
1174 4071 1472 4155 figmento
1539 4090 1651 4138 seu
1711 4073 2005 4156 plasmati
2064 4089 2190 4137 non
2247 4069 2591 4155 comparari
2633 4068 2713 4133 ab

284 4173 568 4256 apostolo
627 4173 972 4237 humanam
1035 4172 1341 4248 naturam,
1403 4176 1709 4255 quatenus
1770 4192 1807 4238 a
1848 4173 1981 4239 Deo
2026 4172 2391 4251 creatur,
2438 4173 2547 4236 sed
2591 4173 2717 4238 ho-

284 4273 498 4339 mine
517 4292 577 4337 m
597 4322 613 4353 ,
675 4273 980 4355 quatenus
1025 4272 1124 4337 vel
1165 4272 1434 4356 gratuito
1479 4274 1969 4340 misericordiam
2022 4273 2438 4357 consequitur,
2487 4273 2590 4337 vel
2632 4274 2712 4339 ob

284 4373 543 4457 peccata
605 4374 924 4439 voluntate
988 4374 1399 4455 consequente
1470 4373 1643 4458 juste
1720 4375 1994 4459 punitur.
2062 4410 2147 4421 —-
2216 4372 2715 4441 Similitudinem

283 4472 449 4538 hanc
492 4492 674 4538 versu
720 4473 1002 4556 sequenti
1043 4474 1453 4557 prosequitur,
1500 4474 1650 4540 dum
1697 4474 1887 4541 dicit:

489 4590 860 4635 Commentariun.
2434 4575 2505 4640 11
