3234 4992
488 237 570 301 32
1479 232 1587 283 Gap.
1615 237 1654 274 Ι.
1683 245 1729 275 v.
1754 236 1919 276 26-87.

694 417 771 482 V.
817 417 916 483 26.
964 416 1342 503 „Propterea
1385 417 1652 482 tradidit
1694 440 1792 482 eos
1828 418 2000 482 Deus
2030 415 2431 503 passionibus
2472 415 2937 501 iqnominiae“,

490 521 529 584 i.
577 539 629 584 e.
675 519 1066 603 passionibus
1109 519 1553 603 ignominiosiS,
1610 539 1719 585 seu
1761 520 2173 604 passionibUS,
2221 518 2449 601 quibus
2495 516 2939 602 ignominiam

492 621 765 685 inferunt
808 620 934 685 suis
999 621 1373 704 corporibus.
1422 658 1502 667 -
1547 621 1749 685 Versu
1815 621 1932 686 hoc
1999 623 2061 684 et
2121 619 2405 702 sequenti
2470 617 2799 703 repetit
2866 619 2937 680 et

491 722 768 805 pluribus
829 722 1127 800 declarat,
1195 722 1356 804 quod
1420 721 1592 805 prius
1639 720 1717 805 (v.
1765 720 1895 805 24.)
1964 721 2212 785 dixerat.
2305 720 2427 784 Per
2469 719 2939 802 passiones

490 822 604 887 has
651 825 795 887 sunt
838 821 1246 904 intelligenda
1291 822 1505 905 stupra
1539 823 1669 899 illa,
1717 840 1870 904 quae
1898 840 2094 886 mares
2119 839 2261 885 cum
2287 819 2590 897 maribuS,
2640 818 2937 883 feminae

493 940 633 987 cum
685 921 943 987 feminis
1007 921 1334 987 faciebant.
1388 959 1459 968 —
1525 921 1812 986 Ceterum
1882 940 2095 986 vocem
2160 919 2339 1000 πάθη
2409 919 2692 1003 Vulgata
2761 918 2934 982 bene

493 1023 682 1088 vertit
723 1042 860 1106 per:
907 1040 1003 1105 pa
1029 1022 1388 1099 ssiones;
1435 1040 1581 1086 nam
1629 1021 1733 1103 qui
1774 1021 1883 1086 illa
1926 1023 2131 1105 turpia
2174 1023 2389 1105 agunt,
2440 1021 2596 1085 adeo
2644 1038 2712 1084 se
2760 1019 2939 1084 totos

491 1122 616 1213 illis
661 1122 893 1187 dedunt
935 1125 1118 1205 atque
1162 1122 1561 1205 immergunt,
1607 1124 1680 1185 ut
1721 1122 1899 1204 pati
1961 1121 2179 1204 magis,
2228 1140 2417 1204 quam
2489 1139 2677 1205 agere
2752 1118 2937 1184 vide-

493 1225 691 1288 antur.
737 1258 818 1270 —
861 1223 1044 1286 Nunc
1085 1221 1313 1304 repetit
1357 1222 1419 1284 et
1480 1221 1759 1304 pluribus
1822 1220 2110 1299 declarat,
2178 1222 2240 1285 in
2310 1238 2474 1303 quae
2541 1221 2940 1285 dedecorosa

491 1323 725 1407 flagitia
767 1321 1033 1405 prolapsi
1079 1324 1226 1385 sunt
1267 1321 1608 1404 generatim
1653 1320 1889 1386 ethnici
1932 1320 1998 1384 in
2040 1321 2429 1404 punitionem
2474 1321 2741 1404 peccati,
2811 1339 2941 1403 quo

491 1424 812 1489 coluerunt
853 1425 1216 1501 creaturam,
1261 1421 1475 1484 relicto
1519 1424 1804 1486 creatore.
1853 1456 1936 1468 -

697 1524 916 1602 „Nam
956 1531 1013 1585 et
1037 1521 1319 1606 feminae
1376 1541 1578 1584 eorum
1639 1529 2081 1585 commutarunt
2139 1519 2491 1584 naturalem
2548 1543 2733 1584 usum
2795 1542 2942 1584 cum

493 1646 580 1702 σο,
622 1625 729 1708 qui
777 1632 861 1686 est
902 1631 1114 1685 contra
1170 1624 1520 1684 naturam“.
1606 1621 1761 1686 Vult
1828 1622 2060 1687 dicere:
2129 1622 2297 1686 Nam
2366 1621 2559 1687 etiam
2627 1620 2940 1699 feminae,

494 1741 644 1805 quas
687 1725 896 1787 tamen
938 1723 1132 1806 pudor
1176 1719 1441 1785 maxime
1485 1721 1683 1800 decet,
1748 1723 2093 1787 naturalem
2141 1740 2329 1785 usum
2378 1722 2685 1786 masculei
2737 1738 2940 1785 sexus

493 1824 556 1887 in
599 1823 902 1887 nefarium
950 1824 1158 1887 contra
1221 1822 1504 1886 naturam
1568 1824 2039 1904 permutarunt,
2110 1821 2381 1886 feminae
2449 1840 2593 1887 cum
2665 1820 2940 1885 feminis

492 1926 799 1988 coeuntes.
852 1960 922 1971 --
969 1922 1258 1986 Feminae
1319 1921 1837 2004 anteposuit,
1905 1921 2031 1986 fors
2093 1922 2247 2000 ide0,
2317 1922 2465 2004 quia
2523 1921 2749 2005 pudor,
2824 1921 2938 2003 qui

495 2023 678 2087 debet
721 2024 782 2087 in
829 2023 914 2086 eis
972 2022 1373 2106 praecellere,
1444 2021 1761 2085 debuisset
1825 2022 2074 2104 longius
2144 2022 2220 2086 ab
2268 2023 2487 2087 insano
2530 2023 2642 2087 illo
2714 2021 2935 2086 furore

496 2141 598 2186 eas
645 2141 865 2201 arcere,
912 2125 974 2185 et
1017 2121 1161 2203 quia
1203 2120 1507 2203 flagitium
1554 2120 1723 2184 istud
1767 2121 1830 2185 in
1875 2121 2125 2186 feminis
2184 2122 2388 2204 magis
2454 2121 2716 2187 foedum
2790 2126 2933 2186 erat

495 2225 677 2303 atque
721 2224 932 2286 contra
974 2223 1277 2284 naturam.
1366 2222 1743 2301 &five-scam
1806 2220 2140 2298 femineus3
2216 2221 2259 2303 η’
2300 2220 2521 2302 θήλεια
2579 2222 2941 2301 femina,

493 2321 654 2403 quod
699 2320 1024 2403 opponitur
1065 2324 1152 2396 τῷ
1195 2318 1389 2400 ἄρσενι
1435 2319 1635 2404 (ἄρσεν
1679 2319 1837 2405 mas)
1884 2322 2057 2400 mari,
2106 2323 2401 2388 masculo.

703 2418 776 2482 V.
824 2419 923 2482 27.
969 2419 1096 2497 „Et
1136 2419 1414 2483 similiter
1456 2421 1639 2483 etiam
1669 2419 1928 2484 masculi
1958 2420 2167 2486 relicto
2202 2421 2489 2488 naturali
2508 2423 2945 2508 usu-feminae

492 2526 851 2582 exarserunt
899 2540 1022 2602 pro
1086 2529 1289 2584 mutuo
1353 2521 1510 2584 inter
1572 2543 1635 2584 se
1699 2523 1969 2607 appetitu
1990 2571 2010 2602 ,
2087 2523 2348 2588 masculi
2415 2547 2551 2588 cum
2617 2523 2934 2589 masculis

495 2617 930 2702 turpitudinem
929 2626 1390 2704 perpetranteffl
1404 2644 1426 2700 ,·
1456 2621 1494 2685 i.
1511 2641 1560 2685 e.
1575 2622 2027 2705 paederastiam
2044 2625 2541 2690 committebant.
2556 2661 2645 2672 —-
2658 2625 2950 2690 CrImini

494 2718 641 2782 huic
685 2717 977 2782 obscoeno
1035 2719 1194 2783 inter
1237 2721 1509 2786 ethnicos
1555 2722 1819 2787 maxime
1861 2727 2200 2807 propagato
2246 2725 2415 2808 ipsos
2483 2726 2948 2792 celeberrimos

496 2817 888 2901 philosophos
952 2818 1303 2898 indulsisse,
1365 2821 1490 2884 imo
1557 2821 1763 2902 ipsum
1831 2820 2248 2888 Socratem
2310 2829 2374 2890 et
2440 2826 2944 2905 Platonem3

500 2918 625 2982 ime
693 2919 753 2978 et
817 2917 1060 2998 legibus
1127 2919 1385 3000 publicis
1453 2920 1656 2983 scelus
1723 2921 1890 2985 istud
1954 2924 2333 3003 permissum
2399 2925 2637 3004 fuisse,
2706 2926 2949 2992 Patres

500 3018 805 3082 testantur
833 3018 873 3102 Ι]
921 3014 1315 3098 ἐξεκαύθησαν
1360 3036 1480 3083 aor.
1527 3019 1574 3082 I.
1623 3037 1783 3100 pass.
1830 3021 1906 3085 ab
1953 3025 2179 3101 ἐκκαίω,
2233 3043 2436 3102 exuro,
2497 3027 2807 3104 incendo;
2879 3028 2951 3093 in

500 3118 777 3202 passive:
825 3138 853 3182 e
873 3138 957 3182 :ra
981 3137 1006 3182 1·
1025 3118 1062 3181 d
1082 3138 1113 3183 e
1133 3138 1160 3183 s
1180 3135 1294 3196 ce,
1341 3119 1580 3203 proprie
1605 3120 1680 3182 de
1724 3120 1861 3203 ign
1882 3140 1913 3184 e
1938 3170 1953 3199 ,
2000 3125 2233 3206 tropice
2258 3126 2332 3189 de
2358 3127 2579 3208 quavis
2605 3146 2672 3190 re
2699 3146 2953 3212 magna

500 3218 893 3282 vehementer
937 3222 1243 3302 sperante,
1289 3220 1382 3284 uti
1428 3219 1501 3283 de
1544 3219 1668 3296 ira3
1732 3220 1941 3300 etiam,
2007 3222 2171 3289 sicut
2230 3225 2602 3292 Latinorum
2649 3246 2951 3308 urere,

505 3322 577 3378 de
621 3318 1007 3383 vehementia
1049 3320 1320 3385 libidinis
1364 3334 1674 3400 venereae,
1721 3324 1790 3386 ut
1831 3321 1891 3386 h.
1937 3322 2017 3399 1.;
2064 3343 2208 3408 ergo
2251 3326 2418 3391 idem
2465 3346 2539 3392 ac
2578 3335 2952 3412 πυροῦσθαι

505 3418 589 3498 [1.
637 3414 765 3478 Cur.
817 3418 869 3494 ῗ,
917 3422 1019 3502 R).
1069 3457 1143 3467 —
1190 3422 1316 3501 „H
1366 3422 1717 3501 mercedem,
1775 3445 1957 3507 quam
2016 3428 2315 3510 oportuit,
2374 3431 2612 3494 erroris
2673 3433 2816 3513 sui,
2878 3435 2953 3497 in

505 3518 829 3598 saresta-:sis
873 3521 1297 3602 recaptantes“;
1338 3523 1377 3587 i.
1424 3543 1473 3587 e.
1521 3523 1691 3587 etita
1714 3540 1821 3606 pro
1844 3524 2187 3606 ignominia
2211 3529 2342 3593 Deo
2366 3549 2476 3613 per
2498 3531 2951 3599 idololatriam

509 3618 681 3678 illata
741 3621 1170 3698 congruentem
1235 3622 1698 3688 retributionem
1762 3624 2127 3707 recipientes
2192 3628 2258 3693 in
2323 3631 2739 3713 turpitudine,
2817 3652 2954 3717 qua

509 3734 617 3778 sua
673 3714 941 3794 ipserum
1009 3736 1261 3801 corpora
1324 3725 1695 3789 contumelia
1760 3724 2076 3790 afficerent
2122 3735 2200 3811 (s.
2249 3730 2519 3816 Thom.).
2572 3731 2954 3814 ἀντιμισθία

509 3814 841 3894 retributis,
913 3836 1142 3882 merces
1188 3822 1409 3889 merito
1453 3825 1842 3909 respondens.
1934 3825 2002 3907 ἠν
2050 3830 2182 3905 ἔδει,
2231 3849 2420 3912 quam
2467 3835 2753 3916 oportuit
2802 3837 2947 3901 scil.

509 3914 793 3994 resipere,
837 3914 873 3978 i.
921 3938 969 3978 e.
1016 3921 1498 3991 convenientem.
1547 3964 1625 3975 -—
1676 3929 1731 3989 ἐν
1777 3930 2021 4004 ἑαυτοῖς,
2086 3929 2153 3992 in
2212 3932 2609 4016 semetipsis,
2680 3936 2724 4000 i.
2776 3955 2831 4000 e.
2881 3938 2953 4002 in

509 4014 637 4078 suis
685 4014 1047 4094 corpur-ihus.
1096 4018 1322 4085 Verbis
1367 4025 1464 4092 his
1503 4030 1813 4112 apostolus
1863 4030 2135 4113 apertius
2182 4030 2514 4114 significat,
2561 4034 2952 4118 hujusmodi

500 4114 757 4290 peccata
821 4114 1010 4178 fuisse
1074 4123 1569 4198 praecedentium
1636 4131 2022 4214 peccatorum
2071 4129 2136 4214 (i.
2182 4149 2232 4196 e.
2302 4132 2673 4200 defectionis
2724 4156 2765 4202 a
2811 4138 2952 4203 Deo

505 4230 645 4274 reru
717 4230 853 4290 pue
877 4234 913 4274 11
937 4233 1032 4280 as.

725 4422 753 4486 *J
793 4422 869 4478 ef.
909 4426 941 4478 J
949 4427 1104 4480 ustin.
1143 4429 1304 4499 Apol.
1341 4439 1388 4495 Ι.
1427 4446 1513 4503 27.
