3234 4992
473 4912 510 4941 3—-

420 4878 562 4975 hv...

559 240 686 308 124
1500 242 1611 297 cap.
1638 243 1765 287 vm.
1790 255 1835 286 v.
1863 242 2029 287 ιιι-14.

559 431 744 510 atque
817 427 958 493 illos
1007 431 1256 495 tantum
1325 450 1466 497 cum
1537 433 1891 516 corporibus
1956 434 2243 518 gloriosis
2300 427 2745 497 resurrecturos
2831 440 2995 500 esse,

565 547 827 612 quorum
873 531 1128 613 spiritus
1174 535 1316 597 ante
1361 537 1626 599 mortem
1670 535 1836 601 vivi
1879 535 2109 601 fuerint
2152 536 2330 599 vita
2373 529 2717 617 gratiae.

770 629 844 695 V.
873 631 968 695 12.
996 632 1274 719 „Itaque,
1287 634 1556 719 fratres,
1594 635 1891 701 debitores
1918 660 2124 701 sumus
2162 659 2283 701 non
2318 633 2517 711 carni,
2561 638 2629 693 ut
2656 624 3002 691 secundum

563 753 807 795 carnem
847 733 1186 797 vivamus.“
1241 735 1440 803 Versu
1484 738 1600 802 hoc
1644 742 1707 802 et
1750 739 2149 821 sequentibus
2190 738 2395 802 torma
2452 730 2800 798 illativa
2848 724 3004 809 (ἄρα

567 830 697 916 οὖν)
743 834 1087 919 colligit
1130 856 1202 900 ex
1244 839 1756 920 praecedentibus
1800 840 2497 916 exhortationem,
2544 850 2670 897 non
2713 827 3000 911 amplius

565 935 906 1000 secundum
952 954 1199 1002 carnem
1232 937 1490 1021 (malam
1531 941 2143 1025 concupiscentiam),
2190 940 2300 1005 sed
2332 936 2679 1003 secundum
2698 929 3001 1014 spiritum

565 1054 698 1101 9880
728 1036 1076 1103 vivendum·
1103 1075 1182 1087 --
1210 1040 1370 1123 σοέρξ
1405 1041 1598 1127 (caro)
1628 1043 1687 1107 h.
1714 1043 1777 1121 1.,
1822 1044 1982 1109 sicut
2022 1062 2149 1126 cap.
2178 1043 2235 1106 6.
2262 1039 2596 1124 peccatu
2617 1054 2703 1111 m,
2751 1030 3005 1111 sistitur

566 1138 737 1201 velut
778 1157 1170 1221 persona,
1238 1143 1589 1222 domina,
1653 1144 1755 1209 cui
1802 1144 1988 1209 homo
2034 1144 2373 1209 obstrictus
2410 1142 2523 1204 est.
2560 1174 2639 1183 --
2678 1132 2888 1215 ὀφειλέ
2924 1167 2999 1177 -

559 1262 665 1319 της
695 1239 801 1322 (ab
838 1238 1050 1320 ὀφείλω
1083 1242 1318 1329 debeo),
1368 1245 1720 1323 debitor,
1768 1246 1873 1329 qui
1901 1247 2079 1311 alteri
2110 1244 2345 1328 aliquid
2368 1240 2683 1327 praestare
2712 1234 2997 1300 tenetur:

559 1341 1122 1423 metaphorice
1185 1363 1329 1410 cum
1386 1347 1593 1411 dativo
1649 1364 2044 1430 personae
2103 1347 2203 1431 (ut
2250 1348 2306 1423 1,
2355 1344 2485 1428 14.)
2530 1345 2639 1405 aut
2701 1337 2859 1415 rei,
2928 1336 3001 1396 ut

557 1443 684 1507 11.1.
710 1445 994 1512 denotat:
1019 1442 1472 1530 obligatae,
1497 1447 1967 1514 obstrictus
1990 1467 2121 1513 esse
2158 1446 2590 1512 11110111-τοῦ
2612 1438 2764 1503 navo?
2794 1435 3001 1515 σάρκα

563 1543 672 1627 ζῇν
716 1548 948 1630 pendet
989 1567 1026 1613 a
1085 1550 1474 1614 substantivo
1535 1546 1844 1629 ὀφειλέται.
1904 1587 1977 1597 -
2042 1548 2364 1613 Particula
2408 1546 2478 1608 οὗ
2506 1534 2668 1610 'ante
2710 1546 2788 1623 τῇ
2831 1540 3003 1619 σαρκὶ

558 1646 790 1711 indicat
848 1652 1350 1743 oppositum,
1411 1652 1683 1729 scilicet:
1745 1652 1883 1717 sed
1942 1651 2319 1736 Spiritui,
2387 1652 2477 1713 ut
2541 1644 3001 1711 secundum

561 1746 961 1830 Spiritum
1004 1752 1328 1818 vivamu
1351 1774 1408 1833 3,
1455 1790 1538 1801 —-
1585 1754 1747 1835 quod
1781 1756 1992 1817 autem
2028 1753 2301 1835 apostolo
2336 1752 2403 1816 in
2432 1750 2713 1833 cogitatu
2750 1761 2999 1810 reman-

561 1850 743 1913 serat.
796 1886 871 1897 --
919 1852 993 1915 In
1036 1856 1497 1936 regeneratione
1544 1856 1673 1920 scil.
1724 1854 2166 1919 dominium
2190 1902 2205 1931 ,
2273 1852 2433 1934 quod
2480 1841 2999 1930 concupiscentia

561 1953 728 2016 mala
758 1952 971 2039 (σάρξ)
1017 1955 1081 2018 111
1116 1955 1434 2021 hominem
1471 1974 1594 2020 non
1636 1959 2066 2039 regeneratum
2101 1956 2357 2031 exercet,
2414 1950 2801 2023 tollitur,
2848 1943 3000 2026 quia

560 2054 848 2120 voluntas
891 2055 1180 2134 hominis,
1227 2077 1334 2141 per
1356 2058 1661 2141 Spiritum
1692 2076 1739 2121 s.
1770 2055 2131 2133 confortata,
2176 2052 2605 2119 incitamentis
2652 2052 2716 2113 et
2762 2044 2997 2111 sollici-

559 2155 901 2222 tationibus
936 2159 1463 2241 concupiscentiae
1511 2160 1715 2223 malae
1755 2158 2040 2222 resistere
2071 2159 2295 2241 potest.
2370 2153 2797 2237 Regeneratus
2845 2164 2997 2229 ergo

557 2274 679 2320 non
724 2259 992 2341 amplius
1039 2260 1404 2325 servitutem
1435 2260 1685 2325 exhibet
1726 2258 1991 2336 carni,
2038 2255 2573 2339 concupiscentiae
2604 2252 2831 2326 malae,
2881 2248 2995 2311 sed

561 2360 858 2438 sponte
903 2361 967 2422 et
1008 2359 1398 2425 hilariter
1433 2360 1793 2444 obsequitur
1827 2359 2184 2442 Spiritui
2230 2378 2301 2436 s.,
2350 2358 2417 2420 in
2449 2374 2519 2420 eo
2547 2350 2881 2419 habitanti.
2918 2385 2995 2394 -

561 2456 718 2521 Vult
767 2458 977 2541 itaque
1043 2461 1358 2543 apostolus
1416 2462 1649 2526 dicere:
1716 2461 1962 2542 Itaque,
2021 2459 2273 2537 fratres„
2334 2475 2527 2540 quum
2572 2454 2737 2538 (coll.
2784 2471 2839 2515 V.
2888 2450 2993 2515 10.

563 2561 627 2622 et
660 2556 786 2641 11.)
819 2561 951 2625 tam
995 2562 1376 2643 praestantia
1412 2581 1520 2645 per
1549 2560 1852 2645 Spiritum
1898 2581 1947 2625 3.
1979 2562 2044 2625 111
2082 2560 2262 2625 nobis
2296 2558 2665 2635 efficiantur,
2714 2551 2997 2638 profecto

561 2659 988 2741 consequitur,
1048 2680 1160 2727 nos
1207 2681 1330 2727 non
1374 2681 1510 2727 esse
1555 2662 1884 2728 obstrictos
1940 2663 2017 2727 ad
2078 2662 2441 2725 servitutem
2489 2658 2694 2723 carnis
2739 2656 2995 2740 (concu-

564 2760 904 2844 piscentiae
950 2764 1201 2848 malae),
1247 2768 1316 2827 ut
1349 2764 1553 2847 pravis
1585 2763 1720 2846 ejus
1752 2762 2072 2828 desideriis
2101 2763 2542 2845 obsequamur,
2588 2760 2700 2824 sed
2733 2754 2994 2840 Spiritui

561 2880 609 2926 s.
659 2862 1022 2929 servitutem
1056 2865 1374 2946 debemUS,
1419 2868 1490 2930 ut
1535 2866 1614 2929 ad
1660 2864 1795 2947 ejus
1839 2865 2207 2934 instinctum
2245 2863 2441 2927 vitam
2486 2862 2769 2927 nostram
2806 2856 2993 2922 insti-

559 2966 830 3028 tuamus.

763 3065 836 3130 V.
867 3067 960 3133 13.
1008 3066 1133 3145 „Si
1163 3068 1322 3130 enim
1357 3066 1684 3131 secundum
1719 3087 1960 3129 carnem
1997 3066 2220 3144 vivitis,
2264 3064 2649 3142 moriemini‚·
2693 3061 2750 3123 si
2792 3067 2993 3122 autem

559 3167 785 3251 spirita
832 3168 1026 3253 facta
1090 3170 1299 3232 carnis
1361 3167 1701 3251 interficitis
1724 3216 1743 3246 ‚
1810 3168 2084 3230 vivetisf‘
2154 3204 2240 3213 —-
2319 3165 2541 3231 Verbis
2617 3164 2717 3228 hjs
2790 3160 2993 3225 reddit

555 3269 993 3350 rationem,
1039 3289 1150 3335 cur
1192 3270 1398 3355 pravis
1443 3268 1765 3334 desideriis
1813 3285 1935 3331 non
1981 3268 2065 3332 sit
2102 3268 2566 3349 obsequendum
2611 3300 2699 3311 --
2740 3260 2993 3345 πράξεις

555 3372 661 3429 τοῦ
701 3367 978 3449 σώματος
1037 3376 1184 3436 sunt
1225 3369 1475 3451 πράξεις
1515 3374 1623 3452 τῆς
1679 3367 1926 3449 σαρκὸς,
1987 3372 2135 3433 sunt
2191 3368 2504 3444 actioneS,
2566 3384 2853 3450 opera,
2915 3361 2991 3429 ad

558 3487 712 3550 quae
756 3488 894 3534 caro
937 3471 1257 3537 hominem
1306 3472 1593 3555 impellit.
1642 3510 1717 3518 —
1765 3478 1987 3551 πνεῦμα
2028 3471 2089 3535 11.
2138 3470 2180 3535 1.
2228 3472 2326 3533 est
2385 3468 2639 3552 spiritus
2695 3465 2989 3542 hominiS,

559 3587 596 3632 a
641 3568 874 3650 Spiritu
920 3590 972 3635 s.
1005 3572 1340 3651 animatuS,
1385 3573 1761 3638 confortatus
1800 3574 1860 3637 et
1896 3572 2178 3635 directus.
2228 3604 2305 3615 ——
2352 3566 2635 3632 θανατόω
2666 3566 2991 3643 interficio,

560 3670 700 3733 dein
755 3671 1191 3753 supprimo
1268 3710 1340 3719 —-
1400 3673 1651 3738 Adsunt
1702 3674 1888 3738 simul
1933 3674 1997 3737 in
2050 3672 2168 3737 hoc
2211 3690 2395 3737 versu
2441 3688 2869 3753 oxymora:
2940 3668 2992 3731 si

553 3770 844 3835 vivitis
897 3807 965 3817 —
1017 3772 1513 3849 moriemini:
1575 3810 1655 3821 -
1718 3774 1771 3839 si
1815 3772 2324 3838 interficitis
2382 3808 2470 3819 —-
2514 3770 2853 3836 vivetis,
2901 3804 2985 3815 -

555 3873 898 3956 Apostolus
943 3860 1101 3937 vult'
1123 3873 1351 3937 dicere:
1411 3874 1580 3938 Nam
1626 3876 1679 3939 si
1725 3874 1933 3939 vivitis
1978 3874 2185 3957 pravis
2229 3871 2773 3956 concupiscentiae
2819 3871 2987 3935 desi-

559 3973 744 4038 deriis
770 3974 1182 4056 obsequendo,
1218 3973 1565 4037 moriemini
1589 3978 1787 4039 morte
1820 3975 2133 4059 spirituali
2168 3993 2353 4051 nunc,
2400 3980 2462 4038 et
2495 3976 2697 4038 morte
2739 3975 2988 4038 aeterna

552 4077 615 4140 in
662 4075 899 4152 futuro:
946 4076 999 4139 si
1043 4077 1252 4140 autem
1298 4075 1538 4158 spiritu,
1599 4096 1708 4159 per
1753 4075 2053 4159 Spiritum
2098 4095 2148 4140 3.
2196 4075 2542 4140 confortato
2604 4076 2669 4139 et
2730 4075 2980 4151 directo,

555 4177 753 4242 malas
798 4176 1088 4255 actioneS,
1137 4177 1214 4242 ad
1261 4194 1412 4260 quas
1457 4194 1594 4241 caro
1632 4177 1917 4260 Impellit,
1967 4178 2353 4260 supprimitis
2400 4181 2462 4240 et
2507 4177 2681 4241 velut
2718 4176 2981 4254 necatis»,

552 4278 770 4345 vivetis
814 4298 975 4345 nunc
1021 4280 1148 4344 vita
1191 4278 1448 4363 gratiae,
1497 4278 1558 4341 et
1602 4277 1751 4341 olim
1798 4278 1927 4342 vita
1971 4281 2291 4343 aeternum
2338 4278 2541 4344 beata.

753 4380 822 4447 V.
853 4383 949 4448 14.
990 4381 1396 4467 „Quicunque
1431 4380 1591 4443 enim
1622 4377 1866 4464 Spiritu
1892 4379 2018 4443 Dei
2049 4389 2336 4464 afflantur,
2378 4380 2443 4443 hi
2470 4389 2613 4443 sum
2634 4378 2776 4463 filii
2802 4378 2984 4443 Dei.“

551 4482 611 4549 S.
653 4484 964 4569 apostolus
1011 4484 1306 4573 probat
1348 4500 1531 4562 nunc,
1581 4481 1745 4565 quod
1788 4480 1957 4564 prius
2002 4480 2086 4563 (v.
2131 4481 2259 4566 13.)
2309 4481 2585 4546 dixerat:
2633 4482 2717 4546 vi
2743 4479 2982 4555 vetis,
