3234 4992
1257 245 1369 297 cap.
1394 244 1519 287 vm.
1546 253 1590 284 v.
1619 240 1787 285 m-ss.
2613 246 2738 311 135

279 433 583 517 treffen),
648 433 874 498 adire
930 432 1326 515 aliquem,
1383 434 1455 496 ut
1509 431 1588 495 ab
1642 444 1713 494 eo
1765 428 1884 493 tibi
1936 427 2171 511 aliquid
2223 431 2509 513 expetam
2570 428 2733 494 unde

282 552 589 617 preces
652 532 962 611 facere,
1028 532 1387 615 precari,
1470 529 1942 612 supplicare
2006 530 2363 613 aliquem
2428 530 2571 613 (τινί
2627 529 2730 595 vel

279 630 506 717 τινός),
555 634 978 716 deprecari
1021 650 1161 716 pro
1207 632 1475 715 aliquo
1521 630 1695 715 (ὑπὲρ
1736 625 1940 713 τινός).
1994 666 2067 676 -
2113 629 2322 695 Verba
2366 628 2511 712 ὑπὲρ
2552 628 2729 712 η’μωῖν

280 738 446 801 sunt
489 735 703 799 critice
747 734 843 798 du
865 734 1026 812 bia,
1083 751 1275 815 quum
1331 732 1398 796 in
1452 730 1902 815 antiquissimis
1947 729 2262 795 codicibus
2306 730 2544 807 desint3
2612 731 2722 797 sed

281 839 447 901 sunt
468 835 663 899 etiam
686 834 766 899 ob
789 834 1308 918 praepositionem
1326 832 1469 913 ὑπὲρ
1491 832 1558 895 in
1579 832 1768 897 verbo
1786 827 2243 915 ὕπερεντυγχοίνει
2268 849 2297 895 s
2314 851 2357 896 u
2374 852 2415 916 p
2434 852 2467 896 e
2483 831 2590 898 rfl
2604 849 2715 898 ua.

281 973 366 983 —
397 936 578 1001 Haec
604 934 871 1019 Spiritus
914 934 1114 999 sancti
1140 933 1508 1017 snpplicatio
1541 951 1664 997 non
1702 932 1776 997 fit
1818 952 1904 997 ve
1926 932 2015 997 rb
2032 932 2097 997 is
2114 980 2130 1009 ‚
2174 932 2415 996 homini
2442 934 2720 1015 precanti

283 1036 631 1119 suggestis,
675 1039 785 1101 aut
829 1033 1538 1118 cogitationibus,
1585 1034 1782 1098 menti
1826 1034 1993 1099 illius
2036 1032 2317 1115 injectis3
2362 1034 2475 1097 sed
2508 1032 2581 1097 fit
2619 1053 2729 1117 per

282 1136 553 1201 tacita
596 1135 1002 1219 suspiria,
1066 1153 1104 1199 a
1162 1133 1397 1217 Spiritu
1455 1137 1668 1198 sancto
1711 1133 1987 1215 precanti
2035 1136 2222 1199 mota.
2300 1132 2574 1215 Suspiria
2618 1134 2728 1199 illa

289 1236 592 1301 dicuntur
650 1234 1143 1300 ineffabilia
1202 1232 1462 1317 (tacita),
1524 1234 1669 1316 quia
1713 1253 1826 1299 nec
1870 1252 1973 1299 ore
2016 1233 2221 1299 verbis
2266 1234 2559 1312 externis,
2617 1252 2731 1299 nec

292 1340 515 1401 mente
560 1336 766 1403 verbis
811 1336 1072 1399 internis
1117 1334 1472 1411 efferuntur,
1518 1334 1791 1418 adeoque
1822 1335 1976 1400 talia
2006 1337 2168 1413 sunt,
2206 1337 2279 1399 ut
2308 1352 2563 1417 gemens
2593 1333 2729 1417 ipse

282 1436 657 1514 nesciat,
721 1436 867 1518 qnid
927 1454 1038 1519 per
1091 1451 1235 1500 suos
1285 1434 1556 1519 gemitus
1614 1452 1654 1499 a
1709 1435 1839 1499 Deo
1884 1436 2172 1518 postulet.
2259 1435 2325 1500 Is
2399 1452 2563 1518 erge,
2622 1434 2729 1517 qui

284 1538 482 1602 hosce
525 1537 800 1620 gemitus
844 1536 994 1615 edit,
1038 1536 1255 1614 nescit,
1303 1535 1601 1618 quidnam
1647 1536 1733 1599 sit
1768 1535 1851 1614 id,
1899 1536 2061 1618 quod
2085 1534 2351 1619 Spiritus
2392 1553 2439 1599 s.
2467 1553 2577 1617 per
2610 1535 2724 1599 hos

282 1637 566 1721 gemitus
610 1638 733 1720 ipsi
774 1655 814 1701 a
854 1636 986 1701 Deo
1030 1636 1189 1718 petit
1239 1635 1543 1720 (Beelen).
1631 1636 1745 1701 De·
1783 1636 1895 1701 tali
1949 1636 2402 1720 supernaturali
2444 1636 2721 1701 oratione
2770 1620 2785 1635 ’

286 1738 723 1822 (precatione),
770 1755 926 1820 quae
969 1738 1036 1800 in
1078 1736 1336 1801 ecclesia
1378 1735 1699 1818 primitiva
1742 1754 1923 1819 saepe
1956 1737 2119 1801 inter
2155 1737 2279 1801 alia
2322 1736 2501 1813 dona,
2546 1754 2723 1819 prae·

289 1838 517 1921 primis
553 1856 698 1902 cum
746 1838 903 1901 dono
948 1836 1182 1920 linguis
1225 1836 1568 1919 peregrinis
1613 1836 1920 1918 loquendi,
1966 1856 2004 1903 a
2041 1836 2273 1919 Spiritu
2316 1839 2529 1901 sancto
2572 1836 2723 1901 fide·

285 1939 458 2003 libus
483 1938 689 2003 infusa
711 1941 862 2016 erat,
890 1938 1224 2019 loquuntur
1248 1936 1503 2020 mystici
1523 1936 1856 2017 Tauler,
1904 1957 1950 2002 s.
1978 1937 2075 2003 Jo
2095 1955 2295 2002 anne
2315 1956 2345 2001 s
2377 1955 2414 2002 a
2437 1935 2720 2015 Cruce,

284 2059 333 2104 s.
385 2040 792 2105 Theresia
836 2038 940 2121 (cf.
989 2038 1208 2119 Bisp.).

493 2138 568 2203 V.
615 2139 716 2203 27.
785 2186 825 2217 „
835 2137 961 2212 Qui
1017 2146 1215 2201 autem
1269 2145 1578 2201 scrutatur
1635 2137 1859 2217 corda,
1917 2138 2031 2201 ecit
2040 2184 2062 2215 ,
2120 2135 2271 2222 quid
2310 2136 2393 2199 sit
2448 2136 2718 2200 studium

288 2239 632 2325 Spiritus.“
673 2274 762 2285 —-
801 2241 1044 2319 ἐρευνῶν
1088 2238 1168 2303 ab
1214 2234 1486 2317 ἐρευνοῖω,
1532 2239 1783 2303 scrutor.
1849 2238 1926 2302 In
1968 2237 2205 2303 verbis:
2250 2236 2287 2299 ὁ
2328 2240 2571 2317 ἐρευνῶν
2612 2236 2723 2307 τὰς

284 2344 535 2422 καρδίας
579 2340 677 2403 est
718 2337 1207 2420 circumscriptio
1244 2338 1388 2402 Dei
1431 2338 2040 2416 omniscientis,
2096 2338 2201 2420 qui
2244 2338 2397 2403 alias
2442 2337 2613 2420 (Act.
2659 2338 2717 2415 1,

282 2442 408 2518 243
473 2440 580 2518 15,
627 2438 713 2523 8.)
759 2438 1107 2521 appellatur
1149 2434 1616 2521 καρδιογνώστης
1664 2436 1969 2521 (cordium
2022 2437 2371 2523 scrutator).
2440 2436 2722 2519 φρόνημα

284 2544 402 2618 est,
452 2540 549 2603 uti
593 2558 648 2603 v.
697 2540 758 2603 6.
802 2542 864 2603 et
909 2538 989 2616 7.,
1051 2539 1423 2604 studium
1469 2538 1609 2621 (das
1656 2538 1995 2616 Trachten,
2045 2538 2155 2603 das
2198 2538 2587 2624 Begehren);
2650 2535 2720 2600 τὸ

284 2637 566 2722 φρόνημα
605 2637 716 2701 τοῦ
753 2636 1083 2719 πνεύματος
1128 2642 1221 2703 est
1265 2640 1363 2718 id,
1411 2640 1572 2721 quod
1618 2637 1883 2721 Spiritus
1928 2642 2179 2704 sanctus
2223 2639 2559 2717 desiderat,
2621 2642 2719 2703 est

285 2741 701 2818 desiderium,
769 2760 882 2823 per
945 2740 1084 2804 illos
1149 2739 1422 2822 gemitus
1476 2739 1819 2804 ineffabiles
1899 2758 2276 2822 expressum.
2346 2776 2426 2786 —
2491 2738 2721 2819 „Quod
2775 2747 2780 2751 “

285 2840 618 2907 secundem
661 2842 864 2905 Dewm
905 2838 1201 2927 supplicet
1229 2862 1354 2925 pro
1397 2842 1689 2905 sanctis.“
1766 2838 2070 2905 Nonnulli
2112 2840 2479 2922 interpretes
2520 2841 2717 2924 parti-

285 2944 500 3009 culam
550 2942 642 3005 ότι
687 2944 943 3008 sumunt
987 2941 1348 3006 causaliter:
1409 2940 1625 3023 quia3
1672 2940 1726 3005 si
1780 2940 1869 3004 ita
1912 2940 2226 3023 accipitur,
2284 2941 2541 3006 verbum
2594 2944 2717 3003 οἰδε

287 3044 669 3109 sumendum
729 3046 826 3107 est
895 3042 1278 3124 emphatice:
1346 3060 1430 3106 ex
1450 3060 1543 3106 au
1563 3043 1602 3105 d
1624 3042 1709 3105 it.
1798 3040 2025 3105 Melius
2077 3058 2219 3105 vero
2276 3040 2365 3103 ότι
2420 3041 2717 3123 accipitur

287 3145 704 3209 declarative:
772 3142 980 3225 quod
1032 3142 1248 3227 (dass).
1301 3178 1375 3189 -—
1421 3141 1631 3207 Verba
1680 3139 1829 3227 κοινοὶ
1888 3141 2062 3217 θεὸν,
2128 3160 2287 3224 quae
2334 3142 2716 3224 respondent

287 3244 673 3327 antegressis
715 3241 874 3304 καθὸ
917 3245 1022 3318 δεῖ,
1075 3242 1285 3308 valent
1339 3242 1505 3306 idem
1550 3251 1654 3306 ac':
1724 3241 2169 3305 secundum
2228 3242 2378 3305 Dei
2433 3242 2713 3307 volun-

282 3348 468 3409 tate
491 3363 591 3423 m,
661 3363 772 3408 seu
838 3361 982 3407 cum
1044 3360 1090 3406 s.
1151 3341 1481 3407 Thoma:
1549 3341 1755 3407 divino
1813 3340 2201 3424 beneplacito
2264 3342 2711 3409 convenienter.

285 3443 465 3509 Conf.
491 3444 658 3509 dicta
694 3463 751 3511 v.
775 3443 876 3507 26.
905 3441 1090 3525 (καθὸ
1132 3442 1264 3528 δεῖ).
1289 3480 1374 3489 -
1409 3444 1558 3508 Pro
1602 3442 1952 3520 sanctis,
1997 3442 2037 3507 i.
2064 3461 2112 3507 e.
2160 3460 2269 3526 pro
2314 3443 2711 3523 christianis3

282 3563 437 3609 nam
483 3544 548 3609 in
592 3544 692 3608 his
747 3544 983 3627 (utique
1034 3543 1254 3627 justis)
1313 3544 1517 3609 solum
1578 3542 1887 3608 inhabitat
1931 3542 2197 3626 Spiritus
2244 3544 2493 3609 sanctus
2542 3546 2707 3624 (coll.

283 3664 345 3709 v.
385 3642 510 3727 9.);
554 3643 728 3708 hisce
774 3644 979 3708 solum
1025 3643 1290 3727 Spiritus
1335 3645 1586 3708 sanctus
1634 3647 1730 3708 est
1773 3644 2050 3709 occultus
2096 3644 2341 3728 adjutor
2385 3650 2449 3709 et
2492 3644 2711 3728 depre-

281 3744 473 3809 cator.
542 3741 778 3823 Quodsi
820 3743 1010 3807 etiam
1047 3760 1160 3807 nos
1199 3744 1318 3825 ipsi
1363 3762 1436 3807 ea
1477 3742 1852 3821 nesciamuS,
1899 3761 2057 3825 quae
2098 3744 2163 3808 in
2207 3745 2321 3809 tali
2360 3746 2713 3828 precatione

285 3844 743 3927 supernaturali
765 3844 1059 3927 petimuS,
1096 3845 1266 3908 Deus
1291 3848 1501 3908 tamen
1525 3844 1760 3926 optime
1783 3845 1954 3909 novit
1993 3847 2274 3910 nostrum
2314 3846 2710 3924 desiderium,

284 3944 464 4010 novit
510 3963 601 4023 ea,
648 3963 805 4026 quae
850 3944 1142 4026 petimus,
1189 3962 1324 4009 esse
1363 3945 1596 4027 Juxta
1639 3944 1915 4027 ipsius
1961 3945 2502 4024 voluntatem,
2572 3947 2715 4028 quia

281 4046 351 4109 in
397 4044 509 4108 tali
565 4048 736 4109 statu
777 4063 900 4109 non
942 4047 1076 4109 tam
1120 4063 1254 4123 nos,
1315 4062 1500 4127 quam
1561 4046 1765 4127 potius
1811 4044 2077 4129 Spiritus
2132 4048 2381 4111 sanctus
2426 4048 2492 4111 in
2534 4046 2713 4112 nobis

281 4144 468 4228 petit.
557 4137 774 4211 Talem
818 4164 961 4211 vero
1005 4146 1366 4229 petitionem
1413 4147 1582 4210 Deus
1630 4166 1874 4231 semper
1917 4146 2176 4213 exaudit.

496 4246 572 4311 V.
618 4247 719 4311 28.
765 4244 1051 4325 „Scimus
1093 4255 1311 4326 autent,
1355 4244 1745 4332 diliyentibus
1788 4247 1989 4311 Dewm
2031 4247 2239 4310 omnia
2280 4248 2601 4333 cooperari
2640 4248 2709 4311 in

285 4344 572 4411 bonum.“
617 4346 816 4431 Supra
838 4347 920 4430 (v.
945 4344 1070 4431 18.)
1095 4366 1143 4412 S.
1170 4347 1486 4430 apostolus
1516 4351 1586 4412 ut
1622 4348 1929 4415 motivum
1966 4348 2086 4431 pri
2106 4367 2308 4414 mum
2341 4348 2421 4414 ad
2452 4366 2707 4433 compa-

286 4445 570 4513 tiendum
595 4446 1023 4533 designaverat
1052 4448 1704 4533 magnitudinem
1750 4448 2015 4516 futuri
2055 4450 2437 4534 praemii3
2488 4451 2708 4517 deinde
