3234 4992
501 208 628 273 256

572 392 803 447 cordia
852 392 935 447 54.
982 420 1043 431 —-
1096 389 1518 445 Justificationis
1573 390 1711 457 fons,
1833 388 1999 445 batur
2029 391 2169 445 iram
2202 393 2288 448 66.
2326 425 2387 435 ——
2424 394 2559 448 Erat
2592 394 2755 449 litera
2777 395 2891 450 103.
2922 427 2986 436 -

572 497 732 534 causa
767 480 1004 533 efficiens
1045 481 1102 532 et
1135 477 1428 543 meritoria,
1476 477 1713 531 conditio
1835 476 1944 530 Lex
1990 479 2185 531 mortis
2235 480 2350 536 102.
2389 510 2451 521 -
2488 469 2623 534 Erat
2668 482 2824 549 quasi
2872 497 2989 534 ma-

574 569 630 619 et
692 565 931 619 ambitus
983 564 1066 617 53.
1085 592 1138 604 -—
1157 564 1239 618 55.
1293 565 1409 618 173.
1466 594 1526 604 -
1583 562 1715 631 Ejus
1835 562 1989 628 ritus,
2037 562 2277 618 Judaeus
2335 564 2446 633 legi
2495 565 2781 633 subjectus,
2836 569 2993 634 quasi

571 650 808 707 fractast
873 667 998 720 pax,
1062 649 1280 718 adoptio
1325 649 1562 703 filiorum
1596 647 1715 709 Dei,
1837 663 1985 711 uxor,
2044 650 2392 703 matrimonio
2445 651 2701 719 copulata
2752 652 2869 706 100.
2925 683 2989 692 -

516 806 521 811 ⁸
574 737 835 791 exultatio
882 737 941 790 in
1000 752 1091 805 spe
1141 735 1345 803 gloriae
1396 734 1498 788 Dei
1551 737 1607 786 et
1658 734 1717 786 in
1837 732 2093 788 Faciebat
2126 734 2361 788 Judaeos
2386 751 2569 788 servos
2600 736 2719 789 126.
2741 770 2804 778 -
2824 738 2993 805 Legis

571 824 705 891 ipsis
758 821 1206 876 tribulationibus
1259 821 1339 874 72.
1394 820 1477 874 73.
1534 851 1594 860 -
1648 819 1715 872 In
1836 818 1971 871 Mos.
2010 821 2362 887 proximus
2398 820 2525 874 finis
2562 824 2680 874 erat
2704 821 2993 875 abundan-

567 907 957 976 justificatione
1010 907 1170 960 datur
1218 904 1454 974 Spiritus
1501 922 1542 957 s.
1585 904 1715 957 sub·
1837 903 1916 956 tia
1943 907 1998 957 et
2022 907 2379 972 augmentum
2413 909 2785 973 peccatorum;
2823 906 2993 961 ulti-

572 992 906 1046 stantialiter
925 992 1042 1046 121.
1065 1023 1121 1034 —
1153 991 1189 1046 J
1190 990 1573 1044 ustificationis
1591 1006 1714 1057 gra-
1834 1004 1890 1040 m
1904 1004 1941 1040 u
1957 1004 1982 1041 s
2005 1005 2131 1042 vero
2142 990 2351 1057 agnitio
2362 990 2699 1045 infirmitatis
2718 990 2997 1045 humanae

570 1078 652 1130 tia
687 1078 835 1131 omni
870 1076 1111 1131 credenti
1149 1076 1338 1129 oblata
1369 1076 1452 1129 53.
1488 1076 1602 1129 177.
1836 1075 1891 1125 et
1938 1074 2278 1128 necessitatis
2326 1075 2513 1128 auxilii
2562 1075 2860 1129 Salvatoris
2903 1077 2996 1131 87.

504 1163 540 1217 J
553 1163 820 1215 ustitia.
860 1193 919 1204 —
949 1163 1121 1228 Quare
1141 1160 1460 1229 justificatio
1489 1162 1712 1213 vocetur
1837 1188 1898 1198 —
1918 1157 2027 1211 Lex
2064 1162 2284 1225 sancta3
2320 1160 2447 1214 hinc
2472 1175 2582 1213 non
2605 1159 2708 1225 lex,
2745 1160 2841 1213 sed
2860 1176 2998 1214 con-

566 1247 850 1313 justitia
877 1246 993 1299 Dei
1016 1245 1199 1302 24.53.
1219 1246 1300 1299 87.
1329 1277 1390 1286 —
1417 1244 1711 1297 Inhaerens
1835 1244 2167 1311 cupiscentia
2203 1245 2350 1298 mala
2385 1247 2468 1299 est
2503 1261 2665 1299 causa
2686 1245 2899 1313 peccati
2941 1250 3001 1298 et

571 1336 668 1398 est,
705 1347 815 1385 non
848 1333 1121 1399 imputata
1136 1330 1220 1386 86.
1244 1362 1303 1370 -
1324 1329 1556 1384 Justitia
1589 1345 1711 1397 pro·
1832 1328 2028 1381 mortis
2080 1330 2197 1384 106.
2252 1330 2367 1384 107.
2424 1361 2486 1372 -
2539 1331 2648 1384 Lex
2698 1334 2781 1383 est
2827 1330 3000 1399 spiri-

569 1418 688 1487 pria
723 1416 853 1485 quid
886 1416 1000 1473 172.
1033 1443 1103 1456 —
1138 1414 1370 1469 Justitia
1404 1430 1465 1467 ex
1501 1413 1606 1467 fide
1642 1412 1708 1466 ab
1834 1412 2001 1466 tualis
2039 1415 2153 1468 108.
2188 1444 2258 1454 -
2292 1414 2402 1468 Lex
2438 1416 2661 1484 spiritus
2698 1416 2863 1482 vitae,
2901 1415 3000 1469 lex

569 1500 819 1555 omnibus
840 1499 1142 1568 quaerenda
1163 1499 1378 1554 27.171.
1398 1498 1715 1553 -Justitia
1834 1498 2043 1565 peccati
2080 1500 2193 1553 116.

569 1585 696 1638 fidei
736 1584 946 1638 diversa
979 1584 1047 1638 ab
1085 1587 1305 1638 externa
1338 1600 1560 1653 operum
1597 1582 1713 1636 169.
1767 1580 1900 1633 Lex
1936 1585 2002 1636 et
2036 1585 2420 1654 prophetae
2454 1584 2538 1640 53.

573 1701 641 1710 —
663 1669 894 1723 Justitia
927 1669 1223 1723 christiana
1257 1671 1311 1721 et
1347 1667 1575 1724 Judaica
1597 1667 1715 1721 169.
1767 1665 2096 1722 Libertas
2139 1670 2198 1722 in
2243 1670 2463 1725 Christo
2509 1686 2605 1738 per
2640 1669 2911 1739 Spiritum
2955 1686 2999 1726 s.

574 1784 636 1796 —
672 1755 708 1809 J
712 1756 902 1808 ustitia
945 1758 1000 1808 et
1044 1757 1325 1823 peccatum
1377 1770 1405 1807 e
1449 1753 1713 1806 diametro
1833 1751 1950 1805 114.
1988 1754 2103 1808 115.

571 1843 878 1910 repugnant
912 1840 994 1893 97.
1030 1839 1510 1907 98.—Utriusque
1547 1837 1713 1890 servi·
1767 1835 2306 1907 Longanimitas
2342 1839 2468 1894 Dei
2501 1842 2587 1896 36.
2623 1839 2739 1893 164.

571 1926 710 1979 tutis
747 1924 929 1993 dispar
964 1924 1139 1977 exitus
1174 1924 1256 1980 98.
1291 1924 1376 1976 99.
1767 1922 1976 1976 Lucis
2012 1939 2195 1978 arma
2230 1941 2494 1994 quaenam
2527 1926 2644 1979 219.

502 2010 539 2064 J
551 2028 587 2063 u
608 2010 711 2064 sti
753 2009 910 2062 bonis
947 2008 1196 2078 operibus
1232 2010 1509 2061 merentur
1542 2006 1715 2059 vitam
1768 2007 2035 2063 Lutum.
2106 2009 2246 2075 Quid
2284 2010 2585 2063 sim1litudo
2619 2007 2778 2077 figuli
2806 2010 2864 2062 et
2878 2006 3000 2060 luti

569 2098 844 2149 aeternam
876 2095 961 2148 37.
1838 2092 2109 2160 significet
2142 2095 2200 2146 in
2234 2094 2637 2163 prophetarum,
2682 2094 2718 2147 J
2723 2094 2895 2147 esaiae
2939 2096 3001 2145 et

1838 2177 2119 2245 sere-miae,
2148 2184 2345 2245 mente,
2376 2179 2504 2249 quid
2533 2196 2594 2233 ex
2614 2196 2656 2233 s.
2676 2179 2850 2233 Paulo
2871 2179 3000 2232 162.

1046 2268 1165 2331 K.
1770 2261 1991 2346 λύτρον,
2034 2262 2443 2347 ἀπολύτρωσις
2474 2272 2559 2327 54.

504 2394 770 2478 καινότης
809 2403 942 2474 quid
977 2404 1051 2458 sit
1085 2404 1200 2458 102.

504 2502 713 2579 καρδία
755 2505 883 2573 quid
909 2506 964 2558 in
993 2522 1034 2559 s.
1055 2505 1322 2574 scriptura
1338 2504 1611 2572 significet
1630 2503 1715 2559 29.
2326 2504 2439 2568 Μ,

505 2603 705 2682 κλητοὶ
749 2623 854 2675 quo
916 2621 1076 2659 sensu
1129 2605 1381 2659 dicantur
1433 2604 1716 2659 christiani

579 2710 689 2763 136,
727 2739 789 2750 -
825 2706 994 2761 Iidem
1043 2706 1135 2775 qui
1172 2701 1426 2761 ἐκλεκτοί
1454 2706 1572 2760 141·
1768 2684 2239 2751 Magistratus
2292 2682 2547 2738 civiles
2595 2698 2628 2736 a
2662 2683 2778 2736 Deo
2826 2683 2994 2737 insti-

1837 2769 1950 2822 tuti
2001 2770 2118 2823 213.
2171 2769 2287 2822 214.
2339 2799 2408 2808 -
2455 2767 2596 2822 Sunt
2641 2768 2883 2822 ministri
2931 2771 2995 2821 et

1059 2907 1131 2969 L
1837 2853 2026 2907 vicarii
2069 2852 2171 2907 Dei
2223 2854 2340 2908 215.
2375 2883 2445 2893 -
2477 2853 2570 2907 Eis
2624 2850 2994 2906 obediendum

1132 2947 1158 2969 ⁶
1838 2942 2057 3008 propter
2075 2938 2463 2992 conscientiam
2482 2936 2599 2993 215.
2633 2964 2704 2977 -
2729 2936 2994 2992 Officium

501 3040 545 3093 L
561 3056 592 3093 a
606 3039 715 3107 pis
752 3036 895 3092 offe
909 3052 946 3089 n
961 3036 1067 3090 sio
1084 3051 1121 3088 n
1133 3035 1152 3088 i
1166 3052 1191 3088 s
1229 3034 1477 3090 Christus
1513 3032 1632 3089 169,
1840 3024 2185 3091 magistratui
2237 3022 2386 3077 civili
2434 3020 2720 3075 obediendi
2770 3023 2857 3074 est
2904 3036 2992 3073 re—

501 3125 546 3178 L
561 3142 592 3179 a
604 3142 639 3177 u
653 3141 678 3177 s
702 3124 751 3177 D
768 3124 827 3176 ei
851 3122 995 3176 idem
1013 3138 1075 3175 ac
1083 3121 1263 3189 gratia
1277 3118 1621 3174 sanctificans
1631 3117 1715 3175 54.
1837 3109 2091 3176 ligiosum
2128 3109 2247 3162 213·

501 3208 686 3264 Laud
701 3224 770 3262 ar
790 3225 818 3262 e
871 3223 965 3260 seu
1020 3204 1284 3260 celebrare
1320 3203 1496 3257 Deum
1550 3204 1715 3271 digne
1769 3194 1899 3262 Maj
1916 3212 1943 3248 e
1959 3210 1983 3247 8
1999 3197 2069 3248 ta
2088 3211 2113 3248 s
2149 3194 2195 3246 D
2210 3194 2268 3247 ei
2305 3192 2434 3262 quid
2468 3193 2552 3247 30.

569 3297 787 3349 tantum
822 3293 1062 3347 valemus
1097 3306 1191 3360 per
1220 3290 1256 3345 J
1258 3305 1410 3343 esum
1435 3289 1716 3343 Christum
1768 3280 1826 3333 M
1834 3296 1918 3421 ἔτι·
1938 3296 2057 3420 (51Ξέ
2090 3279 2353 3334 bonorum
2386 3294 2607 3348 operum
2628 3278 2747 3330 vita
2768 3278 2992 3330 aeterna

502 3464 824 3533 Legalia‚
877 3463 1048 3516 relate
1103 3459 1170 3514 ad
1223 3475 1359 3529 quae
1411 3474 1453 3512 S.
1510 3458 1714 3511 Paulus
1769 3452 2155 3505 Miracula
2190 3448 2853 3515 curvocentursigna,
2890 3460 2990 3499 cur

571 3549 864 3605 Galatas
912 3547 1175 3616 increpat,
1222 3544 1561 3599 Romanos
1605 3559 1716 3596 non
1837 3540 2213 3610 portenta
2244 3536 2362 3590 238.

568 3634 687 3689 221.
1771 3627 1910 3680 Mis
1930 3625 2042 3679 sio
2088 3624 2156 3677 ad
2191 3619 2609 3691 praedicandum
2644 3616 2987 3686 evangelium

501 3720 710 3789 Legis
742 3715 1041 3785 justitia
1076 3715 1192 3768 169.
1838 3709 2111 3780 praedicta
2145 3723 2177 3761 a
2210 3705 2391 3775 Jesaia
2425 3705 2541 3760 178.
2576 3734 2645 3744 -—
2678 3702 2866 3757 Missio
2900 3700 2986 3753 di-

507 3805 661 3870 Lex,
697 3801 875 3855 variae
910 3799 1054 3852 vocis
1088 3798 1251 3867 hujus
1297 3797 1718 3865 significationes
1838 3796 1965 3849 vina
2008 3792 2153 3847 basis
2202 3795 2285 3846 est
2329 3793 2385 3844 et
2431 3790 2852 3844 fundamentum
2886 3802 2986 3839 no·

569 3888 654 3942 51.
713 3918 774 3928 —-
831 3885 958 3938 Sine
1010 3883 1145 3950 lege,
1200 3883 1394 3936 saltem
1447 3884 1504 3935 in
1559 3882 1719 3935 corde
1837 3883 1980 3935 strae
2015 3879 2209 3932 salutis
2246 3876 2360 3931 178.

572 3972 788 4040 scripta,
825 3968 1012 4022 nullus
1047 3967 1206 4020 homo
1241 3966 1324 4020 40.
1770 3967 1827 4020 Μ
1846 3982 1877 4019 o
1897 3966 1932 4018 d
1952 3980 1980 4018 e
1998 3981 2024 4018 s
2044 3966 2071 4018 t
2087 3964 2109 4017 i
2127 3979 2159 4016 a
2193 3960 2354 4016 Pauli
2386 3960 2472 4014 22.
2505 3959 2621 4013 207.

506 4058 640 4112 Lex
675 4054 976 4108 Mosaica
1009 4051 1174 4106 dabat
1219 4050 1473 4104 notitiam
1527 4056 1582 4106 et
1631 4068 1718 4105 co·
1769 4050 1827 4103 M
1847 4050 1960 4105 ori
1995 4048 2234 4117 peccato,
2259 4045 2387 4113 legi,
2408 4043 2673 4114 justitiae,
2695 4042 2826 4108 Deo,
2851 4039 2984 4109 quid

571 4141 877 4209 gnitionem
900 4138 1122 4208 peccati,
1149 4152 1260 4190 non
1284 4139 1467 4190 autem
1482 4135 1720 4189 habebat
1836 4133 2109 4203 significet
2141 4132 2227 4187 88.

572 4227 833 4280 virtutem
867 4223 1117 4293 expiandi
1151 4223 1220 4277 52
1264 4252 1327 4263 —
1354 4220 1478 4274 Non
1503 4224 1719 4290 poterat
1768 4220 1825 4273 M
1846 4234 1876 4272 o
1894 4235 1922 4271 r
1942 4235 1967 4271 s
2049 4214 2383 4285 stipendium
2467 4214 2673 4283 peccati
2759 4214 2842 4267 99.
2919 4240 2975 4249 -

570 4309 800 4365 liberare
835 4326 867 4362 a
909 4310 1193 4362 dominatu
1239 4306 1446 4377 peccati
1492 4306 1604 4360 117.
1649 4333 1719 4346 —
1836 4304 2018 4357 Poena
2033 4300 2237 4371 peccati
2263 4300 2541 4369 originalis
2565 4300 2649 4353 80.
2690 4328 2751 4339 -
2788 4296 2981 4351 Mortis

573 4395 706 4447 Erat
729 4395 934 4447 occasio
956 4393 1157 4463 peccati
1184 4393 1298 4446 104.
1336 4392 1454 4445 106.
1493 4418 1551 4429 -
1579 4388 1715 4441 Pae·
1836 4386 2136 4441 dominium
2171 4401 2212 4437 s.
2249 4384 2453 4438 Paulus
2504 4383 2677 4437 veluti
2721 4380 2981 4451 praeteri-

576 4477 816 4547 dagogus
859 4475 928 4531 ad
971 4476 1250 4532 Christum
1295 4474 1377 4530 52.
1416 4506 1476 4516 —
1515 4474 1715 4541 Opera-
1834 4474 1955 4524 tum
1989 4470 2138 4524 sistit
2171 4469 2255 4522 85.
