3234 4992
627 239 751 304 132
1584 234 1698 290 cap.
1722 235 1851 280 vm.
1875 247 1923 279 v.
1948 237 2117 281 εις-π.

627 439 747 487 uun
795 439 926 487 esse
981 422 1481 501 naturalem,
1539 422 2086 505 primitivam.
2144 458 2223 470 -
2281 426 2366 493 εις
2418 422 2521 504 τήν
2565 423 2890 504 ἐλευθερίαν
2925 428 3013 502 τῆς

631 523 811 607 fici-§³:33
855 571 871 583 .
915 570 927 584 .
969 528 1162 599 θεοῦς
1203 524 1383 588 adest
1418 524 1522 588 hic
1554 525 1931 589 constructio
1974 543 2480 609 praegnans,
2528 543 2703 607 quae,
2752 525 2807 589 si
2848 524 3012 588 resol-

627 627 791 691 vitur
855 626 1192 704 sententia,
1260 626 1352 689 ita
1411 628 1614 689 esset:
1674 625 2038 691 liberabitur
2096 629 2159 689 et
2215 626 2789 691 collocabitur
2844 624 3013 709 (uam-

627 727 1020 807 σταθήσεται)
1064 727 1140 790 in
1181 726 1686 791 libertatem.
1731 764 1816 773 —
1856 727 2159 809 ἐλευθερία
2198 732 2307 808 τῆς
2339 724 2526 807 δόξης
2561 730 2658 791 est
2695 726 3015 809 oppositum

623 831 699 911 τῇ
739 830 975 906 ueniam
1013 832 1118 907 τῆς
1159 830 1423 909 φθορᾶς,
1466 828 1652 911 atque
1695 828 1949 894 denotat
2002 830 2375 907 libertatem,
2434 846 2590 911 quae
2650 827 2931 893 consistit
2966 828 3017 889 in
3129 842 3130 845 ¹

627 931 819 1011 gleria
867 929 1196 993 liberorum
1238 928 1375 1007 Dei,
1423 947 1566 993 seu:
1608 948 1753 993 cum
1797 948 1919 1013 qua
1962 929 2295 1013 conjuncta
2338 930 2436 994 est
2476 928 2676 1011 gloria
2709 928 3013 993 liberorum
3129 982 3132 986 Α

627 1031 759 1091 Dei.
812 1067 875 1075 -
929 1025 1258 1110 τῆςζδόξης
1299 1032 1396 1093 est
1439 1029 1753 1113 genitivus
1796 1030 2387 1113 appositionis.

831 1131 907 1195 V.
952 1128 1053 1194 22.
1101 1129 1386 1208 „Scimus
1427 1132 1606 1209 enim,
1660 1152 1892 1195 omnem
1943 1139 2291 1194 creaturam
2348 1130 2778 1215 conymniscere
2818 1136 2871 1191 et
2908 1149 3015 1190 con-

627 1231 827 1295 detur-e
887 1253 1074 1317 usque
1139 1231 1400 1295 adkwf‘
1442 1273 1524 1287 -
1567 1231 1772 1297 Versu
1836 1233 1955 1297 hoc
2018 1232 2273 1315 respicit
2337 1231 2655 1313 apostolus
2719 1229 2799 1294 ad
2856 1228 3015 1292 servi-

623 1335 823 1395 tutem
883 1332 1295 1415 corruptionis
1319 1381 1336 1413 ,
1399 1333 1499 1397 cui
1557 1333 1837 1397 creatura
1900 1332 2182 1416 subjecta
2240 1332 2335 1398 est
2391 1331 2473 1415 (v.
2521 1330 2676 1416 2l.),
2740 1333 2806 1394 et
2853 1348 2888 1393 a
2921 1345 3015 1410 qua

623 1431 1010 1497 liberabitur.
1053 1468 1140 1479 —
1183 1431 1531 1512 Scimus,
1579 1434 1717 1498 scil.
1747 1452 1817 1498 ex
1860 1433 2344 1498 consideratione
2387 1432 2644 1497 naturae
2689 1433 2754 1494 et
2799 1450 2831 1493 e
2873 1446 3013 1493 reve-

623 1535 867 1611 latione,
911 1537 1305 1616 praesentem
1362 1537 1621 1599 naturae
1674 1535 1908 1599 statum
1965 1552 2089 1600 non
2146 1532 2514 1617 respondere
2557 1531 2735 1596 ideae
2782 1530 3009 1595 divinae.

623 1635 787 1699 Dum
839 1635 986 1699 dicit
1027 1635 1094 1698 in
1135 1653 1392 1699 numero
1435 1634 1693 1717 plurali:
1756 1634 2095 1712 scimus,
2158 1634 2383 1713 innuit,
2443 1633 2799 1717 opinionem
2842 1630 3009 1714 ipsius

623 1735 787 1799 uirus.
827 1754 1030 1799 rerum
1077 1737 1365 1799 naturam
1424 1754 1563 1799 esse
1624 1734 1813 1800 etiam
1856 1736 2156 1800 lectorum
2203 1753 2475 1800 suorum.
2536 1770 2619 1780 —
2674 1729 3010 1801 συστενάζειν

623 1839 687 1899 et
727 1839 1093 1911 πυνωῢίνεινς
1153 1835 1359 1900 verbis
1402 1835 1500 1899 his
1557 1836 1921 1918 compositis
1980 1835 2385 1919 significatur,
2447 1835 2760 1918 gemitum
2818 1836 2877 1896 et
2927 1831 3009 1894 do-

619 1939 815 2001 lui-em
875 1954 1010 2001 esse
1070 1953 1568 2000 communem
1642 1937 1995 2001 omnium
2056 1936 2273 2001 mundi
2327 1936 2600 2019 partium
2660 1936 2797 2020 (τῆς
2847 1929 3009 2009 πάσης

619 2035 903 2123 met-eme).
950 2072 1035 2083 -
1071 2038 1373 2098 συνωδίνει
1396 2038 1494 2100 est
1516 2036 1791 2118 proprie:
1836 2055 1997 2102 una
2038 2036 2367 2101 dolores
2412 2039 2707 2118 partus
2755 2032 3004 2107 sentio,

623 2159 775 2203 uua
815 2137 1045 2203 deleo
1085 2138 1165 2202 in
1207 2136 1651 2220 partu3dein
1676 2138 2056 2220 generatim:
2102 2137 2430 2201 dolores
2469 2137 2752 2215 sentio,
2793 2134 3005 2199 doleo.

627 2239 995 2323 Memphura
1038 2240 1375 2320 desumpta
1417 2255 1454 2301 a
1503 2238 1763 2301 muliere
1808 2238 2186 2320 parturiente
2232 2236 2417 2319 (quae
2460 2237 2659 2320 gemit
2703 2236 2785 2301 ob
2828 2234 3003 2318 partus

627 2339 883 2415 deleres,
928 2338 1255 2421 expectans
1299 2337 1378 2402 ab
1423 2354 1603 2401 onere
1645 2336 1943 2421 liberari),
2007 2337 2285 2401 consulto
2330 2337 2527 2401 electa
2585 2339 2681 2400 est
2725 2335 2804 2401 ad
2844 2330 3004 2414 signi-

623 2439 936 2503 fiuuudum
995 2438 1359 2503 dolorem
1417 2441 1806 2517 naturae,
1867 2456 2024 2520 quae
2088 2438 2153 2502 in
2214 2456 2282 2502 se
2342 2438 2505 2521 gerit
2562 2456 2819 2520 germen
2872 2434 3002 2497 vitae

623 2539 1014 2618 immertalis,
1060 2539 1385 2623 gloriosae,
1432 2540 1496 2603 et
1516 2538 1708 2603 simili
1742 2539 1946 2619 modo,
1992 2539 2084 2603 uti
2110 2538 2354 2617 mulier,
2397 2527 2769 2621 parturiens,
2814 2547 3001 2615 magno

623 2639 831 2703 dulure
875 2638 1092 2703 nititur
1133 2638 1212 2703 ad
1253 2639 1490 2721 prolem
1534 2639 1600 2703 in
1644 2640 1845 2704 lucem
1908 2640 2227 2718 edendam,
2287 2638 2549 2716 laborat,
2606 2639 2679 2703 ut
2735 2636 2884 2702 illud
2930 2650 2999 2696 re-

623 2738 969 2803 nuvatiuuis
1031 2738 1561 2823 (glorificationis)
1643 2759 1895 2824 germen
1961 2760 2032 2804 ex
2099 2759 2165 2803 se
2229 2738 2644 2823 progigneret.
2753 2736 2868 2803 Sed
2918 2731 3000 2796 illa

627 2839 903 2924 (uatum)
945 2858 1071 2905 non
1111 2841 1322 2925 potest
1362 2841 1534 2924 prius
1580 2841 1660 2906 ad
1702 2845 1953 2924 partum
1997 2841 2334 2925 pervenire,
2382 2842 2576 2906 donec
2614 2841 2801 2906 homo
2844 2836 2996 2901 etiam

627 2943 968 3007 secuudum
1027 2959 1320 3023 corpus
1379 2942 1813 3021 renovabitur,
1875 2943 2065 3007 donec
2130 2941 2594 3024 corporalis
2657 2932 2998 3027 regeneratio

619 3043 767 3127 ejus,
819 3061 974 3123 quae
1019 3041 1086 3109 in
1138 3042 1454 3125 baptismo
1511 3042 1763 3107 initium
1810 3043 2099 3126 sumpsit,
2158 3041 2225 3106 in
2282 3041 2550 3125 gloriosa
2593 3037 2996 3107 resurrectione

619 3143 987 3227 perficietur,
1033 3143 1586 3208 consummabitur.
1641 3184 1716 3195 -
1761 3143 2032 3227 Usque
2077 3144 2364 3222 adhuc,
2412 3144 2452 3208 i.
2500 3161 2549 3207 e.
2600 3143 2679 3208 ab
2723 3143 2829 3208 illo
2869 3142 2995 3202 tem-

616 3263 783 3327 pure,
847 3263 963 3327 quo
1007 3244 1271 3310 vanitati
1315 3243 1597 3327 subjecta
1638 3244 1840 3308 fuerat
1886 3244 1969 3329 (v.
2012 3244 2165 3328 20.),
2227 3262 2419 3327 usque
2474 3244 2541 3308 in
2594 3243 2757 3308 hanc
2798 3243 2993 3306 horam·

823 3343 899 3411 V.
943 3344 1045 3410 23.
1092 3344 1288 3423 „Non
1329 3342 1524 3408 solum
1568 3353 1791 3423 autem,
1834 3344 1941 3407 scol
1982 3353 2039 3408 ct
2076 3344 2203 3431 {psi
2242 3364 2371 3423 nos,
2402 3344 2727 3429 primitias
2767 3338 2995 3428 &pinnas

619 3443 895 3507 habentes
907 3491 926 3523 ‚
984 3452 1040 3507 et
1079 3446 1204 3530 ipsi
1244 3445 1409 3529 (nos)
1451 3445 1520 3509 in
1561 3444 2003 3530 nobismetipsis
2048 3445 2397 3530 yemimus.“
2459 3482 2536 3491 --
2597 3444 2770 3508 Inter
2825 3440 2991 3525 plures

619 3547 911 3607 lectiones
936 3544 1123 3626 hujus
1153 3545 1276 3610 loci
1310 3545 1707 3627 praeferenda
1740 3549 1836 3609 est
1863 3546 1989 3624 illa,
2037 3563 2191 3628 quae
2222 3546 2390 3627 ἡμεῖς
2419 3544 2608 3610 habet
2651 3548 2822 3609 ante
2860 3535 2995 3601 αὐτοὶ

615 3643 719 3727 τὴν
763 3643 1058 3727 ἀπαρχήν,
1101 3646 1197 3709 uti
1236 3646 1469 3712 habent
1513 3647 1685 3712 codd.
1737 3648 1813 3711 D.
1837 3647 1905 3711 F.
1934 3644 2007 3711 G.
2057 3649 2120 3709 et
2162 3646 2554 3730 Vulgata.
2607 3683 2679 3693 -
2727 3642 2914 3708 Adest
2946 3636 2994 3698 in

619 3747 731 3811 huc
791 3766 972 3811 uersu
1029 3747 1452 3829 gradatio,
1512 3751 1697 3830 atque
1756 3746 1835 3812 ad
1896 3745 1967 3808 οὗ
2008 3743 2193 3827 μόνον
2245 3766 2315 3810 ex
2371 3766 2428 3811 v.
2474 3746 2574 3811 22.
2624 3740 2992 3829 supplendum

619 3851 747 3911 eut:
808 3855 978 3911 amm
1017 3846 1060 3928 ἤ
1101 3850 1285 3918 κτίσις
1327 3846 1662 3921 συστενάζει
1710 3851 1805 3911 καὶ
1847 3852 2146 3911 συνωδίνει
2197 3885 2269 3894 --
2317 3867 2440 3913 non
2484 3848 2687 3912 solum
2747 3866 2779 3909 r
2799 3865 2829 3909 e
2849 3853 2989 3906 rum

619 3955 891 4015 natura
932 3948 1292 4031 ingemiscit
1336 3952 1398 4014 ct
1440 3950 1623 4028 dolet,
1672 3951 1780 4014 sed
1825 3951 2016 4015 etiam
2061 3968 2214 4015 nos.
2282 3950 2405 4013 Per
2446 3948 2668 4013 verba:
2723 3945 2881 4009 αὐτοὶ
2918 3939 2989 4001 et:

615 4055 711 4111 mi
759 4051 926 4131 :fiatis
966 4048 1137 4111 αὐτοὶ
1179 4050 1324 4115 sunt
1364 4050 1756 4133 intelligendi
1809 4070 2079 4116 omnes
2138 4050 2617 4115 christiani.
2671 4085 2743 4095 —-
2790 4041 2988 4111 Verba·

615 4151 723 4231 njis
755 4148 1023 4235 ἀπαρχήν
1050 4157 1172 4214 ccv*
1193 4146 1518 4231 πνεύματος
1548 4154 1772 4233 ἔχοντες
1800 4152 2119 4217 continent
2162 4169 2299 4215 cau
2320 4169 2402 4214 sa
2421 4170 2483 4215 m
2530 4146 2987 4234 gradationis-²

615 4251 851 4335 ἀπαρχῇ
915 4257 1023 4317 τοῦ
1079 4252 1448 4335 πνεύματοςς
1513 4249 1841 4332 πνεύματος
1902 4271 2025 4318 non
2095 4256 2191 4317 est
2251 4251 2561 4336 genitivus
2629 4248 2825 4331 subj
2848 4231 2988 4309 esstl

615 4351 1021 4440 (Chrysea),
1086 4355 1205 4420 hoc
1251 4372 1476 4419 sensu:
1542 4352 1889 4437 primitiae,
1960 4353 2001 4416 i.
2047 4372 2098 4416 e.
2147 4352 2309 4417 dona
2369 4351 2603 4435 prima,
2671 4368 2823 4432 quae
2873 4336 2986 4405 dat

619 4455 891 4539 Spiritus
937 4461 1228 4535 sanctus:
1293 4474 1406 4521 nec
1449 4458 1545 4521 est
1587 4453 1901 4539 genitivus
1943 4451 2545 4536 appositionis:
2618 4448 2907 4535 primitiae
2939 4436 2986 4500 in
