<?xml version="1.0" encoding="UTF-8"?>
<!DOCTYPE html PUBLIC "-//W3C//DTD XHTML 1.0 Transitional//EN"
    "http://www.w3.org/TR/xhtml1/DTD/xhtml1-transitional.dtd">
<html xmlns="http://www.w3.org/1999/xhtml" xml:lang="en" lang="en">
 <head>
  <title>
</title>
<meta http-equiv="Content-Type" content="text/html;charset=utf-8" />
  <meta name='ocr-system' content='tesseract 3.04.00' />
  <meta name='ocr-capabilities' content='ocr_page ocr_carea ocr_par ocr_line ocrx_word'/>
</head>
<body>
  <div class='ocr_page' id='page_1' title='image "./commentariusine00klofgoog_0091.png"; bbox 0 0 3234 4992; ppageno 0'>
   <div class='ocr_carea' id='block_1_1' title="bbox 1242 182 2635 249">
    <p class='ocr_par' dir='ltr' id='par_1_1' title="bbox 1242 182 2635 249">
     <span class='ocr_line' id='line_1_1' title="bbox 1242 182 2635 249; baseline -0.009 -21"><span class='ocrx_word' id='word_1_1' title='bbox 1242 184 1351 239; x_wconf 69' lang='lat' dir='ltr'>cap.</span> <span class='ocrx_word' id='word_1_2' title='bbox 1382 184 1439 231; x_wconf 88' lang='lat' dir='ltr'>v.</span> <span class='ocrx_word' id='word_1_3' title='bbox 1465 194 1511 227; x_wconf 79' lang='lat' dir='ltr'>v.</span> <span class='ocrx_word' id='word_1_4' title='bbox 1534 184 1601 225; x_wconf 67' lang='grc' dir='ltr'>ει.</span> <span class='ocrx_word' id='word_1_5' title='bbox 2554 182 2635 249; x_wconf 77' lang='lat'>87</span> 
     </span>
    </p>
   </div>
   <div class='ocr_carea' id='block_1_2' title="bbox 184 366 2641 1360">
    <p class='ocr_par' dir='ltr' id='par_1_2' title="bbox 184 366 2641 1360">
     <span class='ocr_line' id='line_1_2' title="bbox 188 366 2635 455; baseline 0 -23"><span class='ocrx_word' id='word_1_6' title='bbox 188 366 575 433; x_wconf 85' lang='lat' dir='ltr'>abundantia</span> <span class='ocrx_word' id='word_1_7' title='bbox 622 369 1000 435; x_wconf 74' lang='lat' dir='ltr'>delictorum</span> <span class='ocrx_word' id='word_1_8' title='bbox 1046 370 1512 455; x_wconf 88' lang='lat' dir='ltr'>(peccatorum).</span> <span class='ocrx_word' id='word_1_9' title='bbox 1575 371 1702 435; x_wconf 84' lang='lat' dir='ltr'>Lex</span> <span class='ocrx_word' id='word_1_10' title='bbox 1745 370 1877 434; x_wconf 92' lang='lat' dir='ltr'>scil.</span> <span class='ocrx_word' id='word_1_11' title='bbox 1926 368 1991 433; x_wconf 89' lang='lat' dir='ltr'>in</span> <span class='ocrx_word' id='word_1_12' title='bbox 2033 367 2395 433; x_wconf 89' lang='lat' dir='ltr'>hominibus</span> <span class='ocrx_word' id='word_1_13' title='bbox 2439 368 2635 452; x_wconf 82' lang='lat' dir='ltr'>lapsis</span> 
     </span>
     <span class='ocr_line' id='line_1_3' title="bbox 189 469 2641 555; baseline 0.002 -24"><span class='ocrx_word' id='word_1_14' title='bbox 189 472 246 531; x_wconf 87' lang='lat' dir='ltr'>et</span> <span class='ocrx_word' id='word_1_15' title='bbox 308 469 388 533; x_wconf 91' lang='lat' dir='ltr'>ad</span> <span class='ocrx_word' id='word_1_16' title='bbox 455 471 866 551; x_wconf 88' lang='lat' dir='ltr'>peccandum</span> <span class='ocrx_word' id='word_1_17' title='bbox 937 472 1181 555; x_wconf 78' lang='lat' dir='ltr'>proniS,</span> <span class='ocrx_word' id='word_1_18' title='bbox 1264 472 1588 554; x_wconf 88' lang='lat' dir='ltr'>prohibi</span> <span class='ocrx_word' id='word_1_19' title='bbox 1611 470 1924 537; x_wconf 90' lang='lat' dir='ltr'>tionibu</span> <span class='ocrx_word' id='word_1_20' title='bbox 1945 489 1973 535; x_wconf 91' lang='grc'><strong>3</strong></span> <span class='ocrx_word' id='word_1_21' title='bbox 2058 473 2121 535; x_wconf 92' lang='lat' dir='ltr'>et</span> <span class='ocrx_word' id='word_1_22' title='bbox 2208 490 2273 534; x_wconf 94' lang='lat' dir='ltr'>m</span> <span class='ocrx_word' id='word_1_23' title='bbox 2298 488 2394 535; x_wconf 91' lang='lat' dir='ltr'>an</span> <span class='ocrx_word' id='word_1_24' title='bbox 2415 470 2509 535; x_wconf 88' lang='lat' dir='ltr'>da</span> <span class='ocrx_word' id='word_1_25' title='bbox 2530 470 2641 536; x_wconf 90' lang='lat' dir='ltr'>tis</span> 
     </span>
     <span class='ocr_line' id='line_1_4' title="bbox 188 568 2640 657; baseline 0.001 -25"><span class='ocrx_word' id='word_1_26' title='bbox 188 570 309 633; x_wconf 92' lang='lat' dir='ltr'>suis</span> <span class='ocrx_word' id='word_1_27' title='bbox 355 568 524 653; x_wconf 88' lang='lat' dir='ltr'>(coll.</span> <span class='ocrx_word' id='word_1_28' title='bbox 582 572 646 649; x_wconf 85' lang='lat'>7,</span> <span class='ocrx_word' id='word_1_29' title='bbox 703 572 956 657; x_wconf 79' lang='lat'>7—13.)</span> <span class='ocrx_word' id='word_1_30' title='bbox 1020 574 1606 656; x_wconf 77' lang='lat' dir='ltr'>concupiscent</span> <span class='ocrx_word' id='word_1_31' title='bbox 1630 572 1776 637; x_wconf 92' lang='lat' dir='ltr'>iam</span> <span class='ocrx_word' id='word_1_32' title='bbox 1846 570 2154 636; x_wconf 85' lang='lat' dir='ltr'>excitabat</span> <span class='ocrx_word' id='word_1_33' title='bbox 2221 573 2283 635; x_wconf 91' lang='lat' dir='ltr'>et</span> <span class='ocrx_word' id='word_1_34' title='bbox 2350 570 2426 635; x_wconf 85' lang='lat' dir='ltr'>ad</span> <span class='ocrx_word' id='word_1_35' title='bbox 2496 588 2640 654; x_wconf 88' lang='lat' dir='ltr'>pec-</span> 
     </span>
     <span class='ocr_line' id='line_1_5' title="bbox 187 671 2637 758; baseline 0.002 -25"><span class='ocrx_word' id='word_1_36' title='bbox 187 671 452 735; x_wconf 87' lang='lat' dir='ltr'>candum</span> <span class='ocrx_word' id='word_1_37' title='bbox 501 671 628 735; x_wconf 91' lang='lat' dir='ltr'>irr</span> <span class='ocrx_word' id='word_1_38' title='bbox 651 672 674 736; x_wconf 95' lang='lat' dir='ltr'>i</span> <span class='ocrx_word' id='word_1_39' title='bbox 694 672 829 738; x_wconf 90' lang='lat' dir='ltr'>tab</span> <span class='ocrx_word' id='word_1_40' title='bbox 851 676 929 738; x_wconf 89' lang='lat' dir='ltr'>at</span> <span class='ocrx_word' id='word_1_41' title='bbox 973 673 1176 758; x_wconf 85' lang='lat' dir='ltr'>(juxta</span> <span class='ocrx_word' id='word_1_42' title='bbox 1217 675 1406 739; x_wconf 86' lang='lat' dir='ltr'>illud:</span> <span class='ocrx_word' id='word_1_43' title='bbox 1452 674 1711 738; x_wconf 80' lang='lat' dir='ltr'><strong>nitimur</strong></span> <span class='ocrx_word' id='word_1_44' title='bbox 1754 672 1819 735; x_wconf 92' lang='lat' dir='ltr'>in</span> <span class='ocrx_word' id='word_1_45' title='bbox 1842 672 2159 755; x_wconf 86' lang='lat' dir='ltr'>vetitum),</span> <span class='ocrx_word' id='word_1_46' title='bbox 2204 671 2379 737; x_wconf 89' lang='lat' dir='ltr'>etita</span> <span class='ocrx_word' id='word_1_47' title='bbox 2400 672 2637 737; x_wconf 85' lang='lat' dir='ltr'>factum</span> 
     </span>
     <span class='ocr_line' id='line_1_6' title="bbox 185 772 2639 858; baseline 0.001 -23"><span class='ocrx_word' id='word_1_48' title='bbox 185 774 275 835; x_wconf 89' lang='lat' dir='ltr'>est</span> <span class='ocrx_word' id='word_1_49' title='bbox 298 820 314 849; x_wconf 97' lang='lat'>,</span> <span class='ocrx_word' id='word_1_50' title='bbox 383 773 462 835; x_wconf 89' lang='lat' dir='ltr'>ut</span> <span class='ocrx_word' id='word_1_51' title='bbox 533 772 837 839; x_wconf 88' lang='lat' dir='ltr'>homines</span> <span class='ocrx_word' id='word_1_52' title='bbox 903 774 1350 858; x_wconf 77' lang='lat' dir='ltr'>cupiditatibus</span> <span class='ocrx_word' id='word_1_53' title='bbox 1417 794 1526 858; x_wconf 93' lang='lat' dir='ltr'>per</span> <span class='ocrx_word' id='word_1_54' title='bbox 1593 772 2158 856; x_wconf 80' lang='lat' dir='ltr'>concupiscentiam</span> <span class='ocrx_word' id='word_1_55' title='bbox 2227 774 2505 839; x_wconf 88' lang='lat' dir='ltr'>excitatis</span> <span class='ocrx_word' id='word_1_56' title='bbox 2572 793 2639 839; x_wconf 91' lang='lat' dir='ltr'>se</span> 
     </span>
     <span class='ocr_line' id='line_1_7' title="bbox 184 872 2638 959; baseline 0.002 -24"><span class='ocrx_word' id='word_1_57' title='bbox 184 872 506 952; x_wconf 77' lang='lat' dir='ltr'>tradendO,</span> <span class='ocrx_word' id='word_1_58' title='bbox 557 874 628 937; x_wconf 90' lang='lat' dir='ltr'>in</span> <span class='ocrx_word' id='word_1_59' title='bbox 679 874 889 958; x_wconf 88' lang='lat' dir='ltr'>legem</span> <span class='ocrx_word' id='word_1_60' title='bbox 932 876 1351 959; x_wconf 86' lang='lat' dir='ltr'>impingerent</span> <span class='ocrx_word' id='word_1_61' title='bbox 1394 878 1455 941; x_wconf 92' lang='lat' dir='ltr'>et</span> <span class='ocrx_word' id='word_1_62' title='bbox 1498 894 1609 959; x_wconf 87' lang='lat' dir='ltr'>per</span> <span class='ocrx_word' id='word_1_63' title='bbox 1653 873 2030 957; x_wconf 85' lang='lat' dir='ltr'>multiplices</span> <span class='ocrx_word' id='word_1_64' title='bbox 2093 872 2225 957; x_wconf 86' lang='lat' dir='ltr'>ejus</span> <span class='ocrx_word' id='word_1_65' title='bbox 2291 878 2638 959; x_wconf 87' lang='lat' dir='ltr'>transgres-</span> 
     </span>
     <span class='ocr_line' id='line_1_8' title="bbox 186 970 2640 1060; baseline 0.001 -23"><span class='ocrx_word' id='word_1_66' title='bbox 186 972 380 1037; x_wconf 87' lang='lat' dir='ltr'>siones</span> <span class='ocrx_word' id='word_1_67' title='bbox 437 976 718 1055; x_wconf 88' lang='lat' dir='ltr'>peccata</span> <span class='ocrx_word' id='word_1_68' title='bbox 762 976 1012 1059; x_wconf 87' lang='lat' dir='ltr'>peccato</span> <span class='ocrx_word' id='word_1_69' title='bbox 1057 976 1368 1055; x_wconf 83' lang='lat' dir='ltr'>adderent,</span> <span class='ocrx_word' id='word_1_70' title='bbox 1431 997 1538 1042; x_wconf 91' lang='lat' dir='ltr'>seu</span> <span class='ocrx_word' id='word_1_71' title='bbox 1581 996 1621 1060; x_wconf 98' lang='lat' dir='ltr'>p</span> <span class='ocrx_word' id='word_1_72' title='bbox 1638 996 1671 1040; x_wconf 93' lang='lat' dir='ltr'>e</span> <span class='ocrx_word' id='word_1_73' title='bbox 1688 994 1721 1040; x_wconf 91' lang='lat' dir='ltr'>c</span> <span class='ocrx_word' id='word_1_74' title='bbox 1735 994 1767 1041; x_wconf 94' lang='lat' dir='ltr'>c</span> <span class='ocrx_word' id='word_1_75' title='bbox 1782 993 1819 1040; x_wconf 93' lang='lat' dir='ltr'>a</span> <span class='ocrx_word' id='word_1_76' title='bbox 1837 979 1865 1038; x_wconf 91' lang='lat' dir='ltr'>t</span> <span class='ocrx_word' id='word_1_77' title='bbox 1885 993 1923 1040; x_wconf 88' lang='lat' dir='ltr'>a</span> <span class='ocrx_word' id='word_1_78' title='bbox 1986 992 2078 1039; x_wconf 91' lang='lat' dir='ltr'>au</span> <span class='ocrx_word' id='word_1_79' title='bbox 2096 993 2140 1058; x_wconf 89' lang='lat' dir='ltr'>g</span> <span class='ocrx_word' id='word_1_80' title='bbox 2156 993 2188 1039; x_wconf 91' lang='lat' dir='ltr'>e</span> <span class='ocrx_word' id='word_1_81' title='bbox 2210 993 2240 1037; x_wconf 95' lang='lat' dir='ltr'>r</span> <span class='ocrx_word' id='word_1_82' title='bbox 2257 992 2289 1037; x_wconf 94' lang='lat' dir='ltr'>e</span> <span class='ocrx_word' id='word_1_83' title='bbox 2310 994 2350 1039; x_wconf 92' lang='lat' dir='ltr'>n</span> <span class='ocrx_word' id='word_1_84' title='bbox 2370 970 2411 1039; x_wconf 86' lang='lat' dir='ltr'>t.</span> <span class='ocrx_word' id='word_1_85' title='bbox 2502 976 2640 1041; x_wconf 87' lang='lat' dir='ltr'>Hac</span> 
     </span>
     <span class='ocr_line' id='line_1_9' title="bbox 186 1074 2637 1143; baseline 0.001 -8"><span class='ocrx_word' id='word_1_86' title='bbox 186 1074 390 1137; x_wconf 88' lang='lat' dir='ltr'>autem</span> <span class='ocrx_word' id='word_1_87' title='bbox 439 1074 838 1141; x_wconf 87' lang='lat' dir='ltr'>delictorum</span> <span class='ocrx_word' id='word_1_88' title='bbox 884 1077 1268 1143; x_wconf 89' lang='lat' dir='ltr'>abundantia</span> <span class='ocrx_word' id='word_1_89' title='bbox 1293 1077 1710 1143; x_wconf 83' lang='lat' dir='ltr'>edocebantur</span> <span class='ocrx_word' id='word_1_90' title='bbox 1730 1076 2009 1141; x_wconf 90' lang='lat' dir='ltr'>homines</span> <span class='ocrx_word' id='word_1_91' title='bbox 2051 1074 2074 1139; x_wconf 93' lang='lat' dir='ltr'>i</span> <span class='ocrx_word' id='word_1_92' title='bbox 2096 1094 2137 1139; x_wconf 90' lang='lat' dir='ltr'>n</span> <span class='ocrx_word' id='word_1_93' title='bbox 2153 1074 2637 1139; x_wconf 77' lang='lat' dir='ltr'>firmitatem</span> 
     </span>
     <span class='ocr_line' id='line_1_10' title="bbox 187 1175 2638 1259; baseline 0.001 -22"><span class='ocrx_word' id='word_1_94' title='bbox 187 1191 354 1237; x_wconf 88' lang='lat' dir='ltr'>suam</span> <span class='ocrx_word' id='word_1_95' title='bbox 402 1177 468 1237; x_wconf 88' lang='lat' dir='ltr'>et</span> <span class='ocrx_word' id='word_1_96' title='bbox 514 1176 690 1259; x_wconf 89' lang='lat' dir='ltr'>legis</span> <span class='ocrx_word' id='word_1_97' title='bbox 735 1178 812 1241; x_wconf 88' lang='lat' dir='ltr'>ad</span> <span class='ocrx_word' id='word_1_98' title='bbox 853 1177 1164 1259; x_wconf 88' lang='lat' dir='ltr'>justitiam</span> <span class='ocrx_word' id='word_1_99' title='bbox 1232 1179 1251 1241; x_wconf 97' lang='lat' dir='ltr'>i</span> <span class='ocrx_word' id='word_1_100' title='bbox 1273 1197 1313 1241; x_wconf 89' lang='lat' dir='ltr'>n</span> <span class='ocrx_word' id='word_1_101' title='bbox 1335 1198 1362 1243; x_wconf 90' lang='grc'><strong>3</strong></span> <span class='ocrx_word' id='word_1_102' title='bbox 1379 1198 1421 1243; x_wconf 93' lang='lat' dir='ltr'>u</span> <span class='ocrx_word' id='word_1_103' title='bbox 1441 1179 1682 1244; x_wconf 76' lang='lat' dir='ltr'>fficio</span> <span class='ocrx_word' id='word_1_104' title='bbox 1700 1197 1741 1243; x_wconf 91' lang='lat' dir='ltr'>n</span> <span class='ocrx_word' id='word_1_105' title='bbox 1761 1176 1956 1242; x_wconf 88' lang='lat' dir='ltr'>tiam</span> <span class='ocrx_word' id='word_1_106' title='bbox 1978 1226 1993 1255; x_wconf 92' lang='lat'>,</span> <span class='ocrx_word' id='word_1_107' title='bbox 2062 1180 2246 1259; x_wconf 88' lang='lat' dir='ltr'>atque</span> <span class='ocrx_word' id='word_1_108' title='bbox 2315 1176 2406 1241; x_wconf 87' lang='lat' dir='ltr'>ita</span> <span class='ocrx_word' id='word_1_109' title='bbox 2452 1175 2638 1239; x_wconf 85' lang='lat' dir='ltr'>intel-</span> 
     </span>
     <span class='ocr_line' id='line_1_11' title="bbox 187 1274 2634 1360; baseline 0.002 -25"><span class='ocrx_word' id='word_1_110' title='bbox 187 1274 488 1356; x_wconf 79' lang='lat' dir='ltr'>ligebant,</span> <span class='ocrx_word' id='word_1_111' title='bbox 559 1276 694 1342; x_wconf 84' lang='lat' dir='ltr'>sibi</span> <span class='ocrx_word' id='word_1_112' title='bbox 754 1280 1216 1360; x_wconf 88' lang='lat' dir='ltr'>potentiori</span> <span class='ocrx_word' id='word_1_113' title='bbox 1276 1298 1434 1343; x_wconf 90' lang='lat' dir='ltr'>rem</span> <span class='ocrx_word' id='word_1_114' title='bbox 1457 1280 1669 1357; x_wconf 85' lang='lat' dir='ltr'>edio,</span> <span class='ocrx_word' id='word_1_115' title='bbox 1738 1277 2055 1342; x_wconf 87' lang='lat' dir='ltr'>auxilio</span> <span class='ocrx_word' id='word_1_116' title='bbox 2111 1276 2222 1342; x_wconf 93' lang='lat' dir='ltr'>lib</span> <span class='ocrx_word' id='word_1_117' title='bbox 2244 1276 2634 1353; x_wconf 75' lang='lat' dir='ltr'>eratoriS,</span> 
     </span>
    </p>
   </div>
   <div class='ocr_carea' id='block_1_3' title="bbox 79 1369 2640 1463">
    <p class='ocr_par' dir='ltr' id='par_1_3' title="bbox 79 1369 2640 1463">
     <span class='ocr_line' id='line_1_12' title="bbox 79 1369 2640 1463; baseline 0.002 -27"><span class='ocrx_word' id='word_1_118' title='bbox 79 1388 81 1393; x_wconf 84' lang='lat'>·</span> <span class='ocrx_word' id='word_1_119' title='bbox 187 1369 710 1456; x_wconf 85' lang='lat' dir='ltr'>Salvatoris,</span> <span class='ocrx_word' id='word_1_120' title='bbox 760 1378 1091 1444; x_wconf 83' lang='lat' dir='ltr'>Christi</span> <span class='ocrx_word' id='word_1_121' title='bbox 1135 1398 1288 1463; x_wconf 90' lang='lat' dir='ltr'>opus</span> <span class='ocrx_word' id='word_1_122' title='bbox 1333 1398 1482 1445; x_wconf 89' lang='lat' dir='ltr'>esse.</span> <span class='ocrx_word' id='word_1_123' title='bbox 1581 1380 2001 1463; x_wconf 87' lang='lat' dir='ltr'>„Augetur</span> <span class='ocrx_word' id='word_1_124' title='bbox 2068 1378 2342 1455; x_wconf 77' lang='lat' dir='ltr'>morbuS,</span> <span class='ocrx_word' id='word_1_125' title='bbox 2420 1376 2640 1442; x_wconf 86' lang='lat' dir='ltr'>scribit</span> 
     </span>
    </p>
   </div>
   <div class='ocr_carea' id='block_1_4' title="bbox 189 1474 2715 4495">
    <p class='ocr_par' dir='ltr' id='par_1_4' title="bbox 189 1474 2715 3179">
     <span class='ocr_line' id='line_1_13' title="bbox 189 1474 2637 1565; baseline 0.002 -29"><span class='ocrx_word' id='word_1_126' title='bbox 189 1492 234 1537; x_wconf 86' lang='lat' dir='ltr'>s.</span> <span class='ocrx_word' id='word_1_127' title='bbox 298 1474 846 1560; x_wconf 87' lang='lat' dir='ltr'>Augustinus</span> <span class='ocrx_word' id='word_1_128' title='bbox 912 1478 1008 1563; x_wconf 90' lang='lat' dir='ltr'>(in</span> <span class='ocrx_word' id='word_1_129' title='bbox 1072 1499 1166 1562; x_wconf 79' lang='lat' dir='ltr'>pS.</span> <span class='ocrx_word' id='word_1_130' title='bbox 1240 1480 1442 1565; x_wconf 69' lang='lat'>102),</span> <span class='ocrx_word' id='word_1_131' title='bbox 1510 1480 1812 1547; x_wconf 89' lang='lat' dir='ltr'>crescit</span> <span class='ocrx_word' id='word_1_132' title='bbox 1877 1478 2139 1558; x_wconf 89' lang='lat' dir='ltr'>malitia,</span> <span class='ocrx_word' id='word_1_133' title='bbox 2209 1478 2637 1562; x_wconf 89' lang='lat' dir='ltr'>quaeritur</span> 
     </span>
     <span class='ocr_line' id='line_1_14' title="bbox 195 1574 2637 1667; baseline 0.002 -28"><span class='ocrx_word' id='word_1_134' title='bbox 195 1576 490 1656; x_wconf 87' lang='lat' dir='ltr'>medicus,</span> <span class='ocrx_word' id='word_1_135' title='bbox 551 1582 623 1643; x_wconf 90' lang='lat' dir='ltr'>et</span> <span class='ocrx_word' id='word_1_136' title='bbox 669 1582 877 1645; x_wconf 92' lang='lat' dir='ltr'>totum</span> <span class='ocrx_word' id='word_1_137' title='bbox 923 1599 953 1645; x_wconf 91' lang='lat' dir='ltr'>s</span> <span class='ocrx_word' id='word_1_138' title='bbox 973 1599 1064 1645; x_wconf 87' lang='lat' dir='ltr'>an</span> <span class='ocrx_word' id='word_1_139' title='bbox 1082 1582 1321 1647; x_wconf 85' lang='lat' dir='ltr'>atur“.</span> <span class='ocrx_word' id='word_1_140' title='bbox 1366 1619 1450 1629; x_wconf 96' lang='lat'><strong>—</strong></span> <span class='ocrx_word' id='word_1_141' title='bbox 1496 1574 1614 1647; x_wconf 82' lang='lat' dir='ltr'>Sic</span> <span class='ocrx_word' id='word_1_142' title='bbox 1655 1600 1797 1667; x_wconf 89' lang='lat' dir='ltr'>ergo</span> <span class='ocrx_word' id='word_1_143' title='bbox 1857 1581 2098 1646; x_wconf 91' lang='lat' dir='ltr'>ultim</span> <span class='ocrx_word' id='word_1_144' title='bbox 2118 1600 2157 1645; x_wconf 94' lang='lat' dir='ltr'>u</span> <span class='ocrx_word' id='word_1_145' title='bbox 2176 1599 2205 1645; x_wconf 88' lang='lat' dir='ltr'>s</span> <span class='ocrx_word' id='word_1_146' title='bbox 2272 1580 2415 1645; x_wconf 90' lang='lat' dir='ltr'>finis</span> <span class='ocrx_word' id='word_1_147' title='bbox 2477 1578 2637 1663; x_wconf 88' lang='lat' dir='ltr'>legis</span> 
     </span>
     <span class='ocr_line' id='line_1_15' title="bbox 191 1674 2633 1768; baseline 0.003 -30"><span class='ocrx_word' id='word_1_148' title='bbox 191 1674 362 1741; x_wconf 85' lang='lat' dir='ltr'>datae</span> <span class='ocrx_word' id='word_1_149' title='bbox 387 1695 520 1744; x_wconf 90' lang='lat' dir='ltr'>non</span> <span class='ocrx_word' id='word_1_150' title='bbox 547 1681 692 1745; x_wconf 90' lang='lat' dir='ltr'>erat</span> <span class='ocrx_word' id='word_1_151' title='bbox 717 1680 852 1765; x_wconf 91' lang='lat' dir='ltr'>ipsa</span> <span class='ocrx_word' id='word_1_152' title='bbox 877 1681 1026 1747; x_wconf 87' lang='lat' dir='ltr'>abu</span> <span class='ocrx_word' id='word_1_153' title='bbox 1051 1682 1394 1749; x_wconf 86' lang='lat' dir='ltr'>ndantia</span> <span class='ocrx_word' id='word_1_154' title='bbox 1421 1687 1483 1748; x_wconf 90' lang='lat' dir='ltr'>et</span> <span class='ocrx_word' id='word_1_155' title='bbox 1517 1687 2040 1768; x_wconf 84' lang='lat' dir='ltr'>augmentum</span> <span class='ocrx_word' id='word_1_156' title='bbox 2084 1684 2633 1766; x_wconf 89' lang='lat' dir='ltr'>peccatorum,</span> 
     </span>
     <span class='ocr_line' id='line_1_16' title="bbox 192 1776 2634 1865; baseline 0.003 -27"><span class='ocrx_word' id='word_1_157' title='bbox 192 1776 293 1840; x_wconf 85' lang='lat' dir='ltr'>sed</span> <span class='ocrx_word' id='word_1_158' title='bbox 333 1778 418 1857; x_wconf 91' lang='lat' dir='ltr'>id,</span> <span class='ocrx_word' id='word_1_159' title='bbox 467 1782 650 1863; x_wconf 88' lang='lat' dir='ltr'>quod</span> <span class='ocrx_word' id='word_1_160' title='bbox 693 1802 764 1847; x_wconf 83' lang='lat' dir='ltr'>ex</span> <span class='ocrx_word' id='word_1_161' title='bbox 807 1782 916 1847; x_wconf 88' lang='lat' dir='ltr'>illa</span> <span class='ocrx_word' id='word_1_162' title='bbox 973 1786 1368 1865; x_wconf 89' lang='lat' dir='ltr'>peccatorum</span> <span class='ocrx_word' id='word_1_163' title='bbox 1433 1784 1817 1850; x_wconf 87' lang='lat' dir='ltr'>abundantia</span> <span class='ocrx_word' id='word_1_164' title='bbox 1881 1802 1915 1848; x_wconf 90' lang='lat' dir='ltr'>c</span> <span class='ocrx_word' id='word_1_165' title='bbox 1938 1802 2028 1848; x_wconf 91' lang='lat' dir='ltr'>on</span> <span class='ocrx_word' id='word_1_166' title='bbox 2050 1802 2079 1849; x_wconf 90' lang='grc'><strong>3</strong></span> <span class='ocrx_word' id='word_1_167' title='bbox 2104 1801 2137 1847; x_wconf 91' lang='grc'><strong>6</strong></span> <span class='ocrx_word' id='word_1_168' title='bbox 2158 1802 2254 1865; x_wconf 91' lang='lat' dir='ltr'>qu</span> <span class='ocrx_word' id='word_1_169' title='bbox 2273 1782 2438 1847; x_wconf 92' lang='lat' dir='ltr'>itur</span> <span class='ocrx_word' id='word_1_170' title='bbox 2456 1832 2471 1861; x_wconf 96' lang='lat'>,</span> <span class='ocrx_word' id='word_1_171' title='bbox 2540 1781 2634 1846; x_wconf 90' lang='lat' dir='ltr'>ni-</span> 
     </span>
     <span class='ocr_line' id='line_1_17' title="bbox 191 1878 2632 1966; baseline 0.003 -27"><span class='ocrx_word' id='word_1_172' title='bbox 191 1878 411 1944; x_wconf 90' lang='lat' dir='ltr'>mirum</span> <span class='ocrx_word' id='word_1_173' title='bbox 459 1900 500 1945; x_wconf 90' lang='lat' dir='ltr'>a</span> <span class='ocrx_word' id='word_1_174' title='bbox 523 1883 808 1966; x_wconf 88' lang='lat' dir='ltr'>gnitio</span> <span class='ocrx_word' id='word_1_175' title='bbox 865 1884 1416 1951; x_wconf 87' lang='lat' dir='ltr'>infirmitatis</span> <span class='ocrx_word' id='word_1_176' title='bbox 1481 1887 1878 1951; x_wconf 87' lang='lat' dir='ltr'>humanae</span> <span class='ocrx_word' id='word_1_177' title='bbox 1948 1886 2010 1949; x_wconf 91' lang='lat' dir='ltr'>et</span> <span class='ocrx_word' id='word_1_178' title='bbox 2076 1882 2632 1949; x_wconf 88' lang='lat' dir='ltr'>necessitatis</span> 
     </span>
     <span class='ocr_line' id='line_1_18' title="bbox 195 1980 2633 2070; baseline 0.003 -30"><span class='ocrx_word' id='word_1_179' title='bbox 195 1980 486 2047; x_wconf 84' lang='lat' dir='ltr'>auxilii</span> <span class='ocrx_word' id='word_1_180' title='bbox 536 1983 582 2049; x_wconf 86' lang='lat' dir='ltr'>S</span> <span class='ocrx_word' id='word_1_181' title='bbox 607 1985 1060 2063; x_wconf 77' lang='lat' dir='ltr'>alvatoriS,</span> <span class='ocrx_word' id='word_1_182' title='bbox 1132 1986 1442 2052; x_wconf 82' lang='lat' dir='ltr'>Christi</span> <span class='ocrx_word' id='word_1_183' title='bbox 1504 1987 1679 2070; x_wconf 89' lang='lat' dir='ltr'>(ergo</span> <span class='ocrx_word' id='word_1_184' title='bbox 1747 1986 1873 2050; x_wconf 87' lang='lat' dir='ltr'>lex</span> <span class='ocrx_word' id='word_1_185' title='bbox 1937 2004 1977 2068; x_wconf 92' lang='lat' dir='ltr'>p</span> <span class='ocrx_word' id='word_1_186' title='bbox 2000 2003 2088 2049; x_wconf 89' lang='lat' dir='ltr'>ae</span> <span class='ocrx_word' id='word_1_187' title='bbox 2113 1986 2475 2067; x_wconf 88' lang='lat' dir='ltr'>dagogus</span> <span class='ocrx_word' id='word_1_188' title='bbox 2541 1984 2633 2048; x_wconf 87' lang='lat' dir='ltr'>ad</span> 
     </span>
     <span class='ocr_line' id='line_1_19' title="bbox 198 2076 2630 2171; baseline 0.002 -30"><span class='ocrx_word' id='word_1_189' title='bbox 198 2076 521 2147; x_wconf 83' lang='lat' dir='ltr'>Christu</span> <span class='ocrx_word' id='word_1_190' title='bbox 539 2104 610 2149; x_wconf 90' lang='lat' dir='ltr'>m</span> <span class='ocrx_word' id='word_1_191' title='bbox 629 2133 643 2162; x_wconf 98' lang='lat'>,</span> <span class='ocrx_word' id='word_1_192' title='bbox 691 2085 827 2149; x_wconf 88' lang='lat' dir='ltr'>coll.</span> <span class='ocrx_word' id='word_1_193' title='bbox 876 2084 1012 2151; x_wconf 81' lang='lat' dir='ltr'>Gal.</span> <span class='ocrx_word' id='word_1_194' title='bbox 1061 2088 1120 2165; x_wconf 84' lang='lat'>3,</span> <span class='ocrx_word' id='word_1_195' title='bbox 1168 2088 1318 2171; x_wconf 66' lang='lat'><strong>24).</strong></span> <span class='ocrx_word' id='word_1_196' title='bbox 1409 2087 1498 2152; x_wconf 91' lang='lat' dir='ltr'>Ut</span> <span class='ocrx_word' id='word_1_197' title='bbox 1541 2090 1753 2151; x_wconf 88' lang='lat' dir='ltr'>autem</span> <span class='ocrx_word' id='word_1_198' title='bbox 1800 2086 1915 2150; x_wconf 88' lang='lat' dir='ltr'>iste</span> <span class='ocrx_word' id='word_1_199' title='bbox 1959 2085 2103 2150; x_wconf 89' lang='lat' dir='ltr'>finis</span> <span class='ocrx_word' id='word_1_200' title='bbox 2147 2085 2408 2150; x_wconf 89' lang='lat' dir='ltr'>ultimus</span> <span class='ocrx_word' id='word_1_201' title='bbox 2472 2084 2630 2168; x_wconf 88' lang='lat' dir='ltr'>legis</span> 
     </span>
     <span class='ocr_line' id='line_1_20' title="bbox 199 2177 2715 2271; baseline 0.002 -29"><span class='ocrx_word' id='word_1_202' title='bbox 199 2177 364 2245; x_wconf 84' lang='lat' dir='ltr'>datae</span> <span class='ocrx_word' id='word_1_203' title='bbox 409 2182 824 2263; x_wconf 83' lang='lat' dir='ltr'>obtineretur,</span> <span class='ocrx_word' id='word_1_204' title='bbox 889 2187 1057 2251; x_wconf 90' lang='lat' dir='ltr'>Deus</span> <span class='ocrx_word' id='word_1_205' title='bbox 1101 2188 1184 2264; x_wconf 94' lang='lat' dir='ltr'>id,</span> <span class='ocrx_word' id='word_1_206' title='bbox 1232 2190 1392 2270; x_wconf 89' lang='lat' dir='ltr'>quod</span> <span class='ocrx_word' id='word_1_207' title='bbox 1437 2208 1477 2271; x_wconf 92' lang='lat' dir='ltr'>p</span> <span class='ocrx_word' id='word_1_208' title='bbox 1494 2206 1570 2252; x_wconf 92' lang='lat' dir='ltr'>ro</span> <span class='ocrx_word' id='word_1_209' title='bbox 1596 2208 1634 2251; x_wconf 83' lang='lat' dir='ltr'><strong>x</strong></span> <span class='ocrx_word' id='word_1_210' title='bbox 1655 2187 1756 2251; x_wconf 91' lang='lat' dir='ltr'>im</span> <span class='ocrx_word' id='word_1_211' title='bbox 1780 2206 1813 2251; x_wconf 93' lang='lat' dir='ltr'>e</span> <span class='ocrx_word' id='word_1_212' title='bbox 1873 2186 2009 2269; x_wconf 87' lang='lat' dir='ltr'>lege</span> <span class='ocrx_word' id='word_1_213' title='bbox 2073 2186 2219 2250; x_wconf 88' lang='lat' dir='ltr'>data</span> <span class='ocrx_word' id='word_1_214' title='bbox 2262 2205 2333 2250; x_wconf 84' lang='lat' dir='ltr'>ex</span> <span class='ocrx_word' id='word_1_215' title='bbox 2375 2184 2632 2249; x_wconf 86' lang='lat' dir='ltr'>vitiatae</span> <span class='ocrx_word' id='word_1_216' title='bbox 2704 2224 2715 2234; x_wconf 89' lang='lat'>-</span> 
     </span>
     <span class='ocr_line' id='line_1_21' title="bbox 199 2278 2630 2371; baseline 0.003 -30"><span class='ocrx_word' id='word_1_217' title='bbox 199 2278 501 2349; x_wconf 90' lang='lat' dir='ltr'>humanae</span> <span class='ocrx_word' id='word_1_218' title='bbox 529 2289 795 2351; x_wconf 88' lang='lat' dir='ltr'>naturae</span> <span class='ocrx_word' id='word_1_219' title='bbox 821 2289 1314 2371; x_wconf 89' lang='lat' dir='ltr'>concupiscentia</span> <span class='ocrx_word' id='word_1_220' title='bbox 1335 2292 1733 2353; x_wconf 87' lang='lat' dir='ltr'>consecutum</span> <span class='ocrx_word' id='word_1_221' title='bbox 1762 2290 1875 2365; x_wconf 88' lang='lat' dir='ltr'>est,</span> <span class='ocrx_word' id='word_1_222' title='bbox 1899 2286 2195 2351; x_wconf 90' lang='lat' dir='ltr'>nimirum</span> <span class='ocrx_word' id='word_1_223' title='bbox 2222 2287 2630 2370; x_wconf 85' lang='lat' dir='ltr'>augmentum</span> 
     </span>
     <span class='ocr_line' id='line_1_22' title="bbox 204 2382 2627 2473; baseline 0.004 -32"><span class='ocrx_word' id='word_1_224' title='bbox 204 2383 257 2441; x_wconf 86' lang='lat' dir='ltr'>et</span> <span class='ocrx_word' id='word_1_225' title='bbox 277 2382 733 2452; x_wconf 86' lang='lat' dir='ltr'>abundantiam</span> <span class='ocrx_word' id='word_1_226' title='bbox 758 2390 1170 2471; x_wconf 89' lang='lat' dir='ltr'>peccatorum,</span> <span class='ocrx_word' id='word_1_227' title='bbox 1196 2410 1236 2472; x_wconf 98' lang='lat' dir='ltr'>p</span> <span class='ocrx_word' id='word_1_228' title='bbox 1257 2411 1288 2453; x_wconf 93' lang='lat' dir='ltr'>e</span> <span class='ocrx_word' id='word_1_229' title='bbox 1305 2410 1334 2453; x_wconf 95' lang='lat' dir='ltr'>r</span> <span class='ocrx_word' id='word_1_230' title='bbox 1348 2390 1442 2453; x_wconf 91' lang='lat' dir='ltr'>mi</span> <span class='ocrx_word' id='word_1_231' title='bbox 1466 2390 1590 2453; x_wconf 88' lang='lat' dir='ltr'>sit.</span> <span class='ocrx_word' id='word_1_232' title='bbox 1622 2388 1747 2473; x_wconf 87' lang='lat' dir='ltr'>(Ita</span> <span class='ocrx_word' id='word_1_233' title='bbox 1761 2388 1941 2471; x_wconf 87' lang='lat' dir='ltr'>juxta</span> <span class='ocrx_word' id='word_1_234' title='bbox 1964 2388 2128 2471; x_wconf 86' lang='lat' dir='ltr'>Aug.</span> <span class='ocrx_word' id='word_1_235' title='bbox 2158 2392 2219 2452; x_wconf 91' lang='lat' dir='ltr'>et</span> <span class='ocrx_word' id='word_1_236' title='bbox 2243 2406 2288 2452; x_wconf 92' lang='lat' dir='ltr'>s.</span> <span class='ocrx_word' id='word_1_237' title='bbox 2318 2386 2627 2451; x_wconf 84' lang='lat' dir='ltr'>Thomam</span> 
     </span>
     <span class='ocr_line' id='line_1_23' title="bbox 201 2479 2631 2575; baseline 0.003 -32"><span class='ocrx_word' id='word_1_238' title='bbox 201 2479 398 2549; x_wconf 83' lang='lat' dir='ltr'>Estius</span> <span class='ocrx_word' id='word_1_239' title='bbox 453 2488 739 2573; x_wconf 83' lang='lat' dir='ltr'>aliique).</span> <span class='ocrx_word' id='word_1_240' title='bbox 789 2526 870 2537; x_wconf 90' lang='lat'>-—-</span> <span class='ocrx_word' id='word_1_241' title='bbox 913 2538 952 2568; x_wconf 88' lang='lat'><em>„</em></span> <span class='ocrx_word' id='word_1_242' title='bbox 971 2490 1036 2555; x_wconf 89' lang='lat' dir='ltr'><em>U</em></span> <span class='ocrx_word' id='word_1_243' title='bbox 1031 2489 1094 2555; x_wconf 80' lang='lat' dir='ltr'>bi</span> <span class='ocrx_word' id='word_1_244' title='bbox 1144 2512 1284 2555; x_wconf 85' lang='lat' dir='ltr'>vero</span> <span class='ocrx_word' id='word_1_245' title='bbox 1343 2489 1683 2555; x_wconf 74' lang='lat' dir='ltr'>abundavit</span> <span class='ocrx_word' id='word_1_246' title='bbox 1740 2488 2043 2569; x_wconf 77' lang='lat' dir='ltr'>delictum,</span> <span class='ocrx_word' id='word_1_247' title='bbox 2104 2487 2631 2575; x_wconf 78' lang='lat' dir='ltr'>superabundavit</span> 
     </span>
     <span class='ocr_line' id='line_1_24' title="bbox 204 2585 2629 2675; baseline 0.003 -30"><span class='ocrx_word' id='word_1_248' title='bbox 204 2585 457 2663; x_wconf 74' lang='lat' dir='ltr'>92·atia.“</span> <span class='ocrx_word' id='word_1_249' title='bbox 549 2588 642 2665; x_wconf 72' lang='grc' dir='ltr'>ού,</span> <span class='ocrx_word' id='word_1_250' title='bbox 689 2590 818 2655; x_wconf 86' lang='grc'><strong>3611.</strong></span> <span class='ocrx_word' id='word_1_251' title='bbox 869 2588 1102 2673; x_wconf 70' lang='grc' dir='ltr'>χρόνον,</span> <span class='ocrx_word' id='word_1_252' title='bbox 1163 2611 1255 2675; x_wconf 91' lang='lat' dir='ltr'>qu</span> <span class='ocrx_word' id='word_1_253' title='bbox 1275 2610 1308 2656; x_wconf 95' lang='lat' dir='ltr'>o</span> <span class='ocrx_word' id='word_1_254' title='bbox 1354 2596 1718 2674; x_wconf 90' lang='lat' dir='ltr'>tempore</span> <span class='ocrx_word' id='word_1_255' title='bbox 1738 2641 1755 2671; x_wconf 93' lang='lat'>,</span> <span class='ocrx_word' id='word_1_256' title='bbox 1800 2609 1885 2673; x_wconf 92' lang='lat' dir='ltr'>po</span> <span class='ocrx_word' id='word_1_257' title='bbox 1908 2593 2252 2673; x_wconf 81' lang='lat' dir='ltr'>stquam3</span> <span class='ocrx_word' id='word_1_258' title='bbox 2294 2608 2477 2672; x_wconf 69' lang='lat' dir='ltr'>quae</span> <span class='ocrx_word' id='word_1_259' title='bbox 2524 2608 2629 2653; x_wconf 88' lang='lat' dir='ltr'>ex-</span> 
     </span>
     <span class='ocr_line' id='line_1_25' title="bbox 205 2682 2627 2775; baseline 0.003 -30"><span class='ocrx_word' id='word_1_260' title='bbox 205 2682 440 2761; x_wconf 89' lang='lat' dir='ltr'>plicatio</span> <span class='ocrx_word' id='word_1_261' title='bbox 486 2690 729 2773; x_wconf 90' lang='lat' dir='ltr'>optime</span> <span class='ocrx_word' id='word_1_262' title='bbox 773 2692 1120 2774; x_wconf 86' lang='lat' dir='ltr'>respondet,</span> <span class='ocrx_word' id='word_1_263' title='bbox 1179 2693 1233 2756; x_wconf 89' lang='lat' dir='ltr'>si</span> <span class='ocrx_word' id='word_1_264' title='bbox 1283 2691 1352 2753; x_wconf 78' lang='grc' dir='ltr'>ού</span> <span class='ocrx_word' id='word_1_265' title='bbox 1393 2694 1657 2757; x_wconf 90' lang='lat' dir='ltr'>sumitur</span> <span class='ocrx_word' id='word_1_266' title='bbox 1717 2695 1789 2757; x_wconf 92' lang='lat' dir='ltr'>ut</span> <span class='ocrx_word' id='word_1_267' title='bbox 1849 2692 2153 2775; x_wconf 89' lang='lat' dir='ltr'>particula</span> <span class='ocrx_word' id='word_1_268' title='bbox 2208 2694 2289 2755; x_wconf 89' lang='lat' dir='ltr'>te</span> <span class='ocrx_word' id='word_1_269' title='bbox 2308 2711 2373 2756; x_wconf 93' lang='lat' dir='ltr'>m</span> <span class='ocrx_word' id='word_1_270' title='bbox 2389 2711 2429 2773; x_wconf 98' lang='lat' dir='ltr'>p</span> <span class='ocrx_word' id='word_1_271' title='bbox 2450 2690 2559 2755; x_wconf 92' lang='lat' dir='ltr'>ori</span> <span class='ocrx_word' id='word_1_272' title='bbox 2576 2708 2627 2754; x_wconf 91' lang='lat' dir='ltr'>s.</span> 
     </span>
     <span class='ocr_line' id='line_1_26' title="bbox 208 2780 2630 2877; baseline 0.005 -34"><span class='ocrx_word' id='word_1_273' title='bbox 208 2780 324 2846; x_wconf 79' lang='lat' dir='ltr'>Alii</span> <span class='ocrx_word' id='word_1_274' title='bbox 351 2787 422 2849; x_wconf 74' lang='grc' dir='ltr'>οὐ</span> <span class='ocrx_word' id='word_1_275' title='bbox 460 2794 726 2856; x_wconf 90' lang='lat' dir='ltr'>sumunt</span> <span class='ocrx_word' id='word_1_276' title='bbox 762 2796 833 2857; x_wconf 90' lang='lat' dir='ltr'>ut</span> <span class='ocrx_word' id='word_1_277' title='bbox 873 2792 1242 2876; x_wconf 88' lang='lat' dir='ltr'>particulam</span> <span class='ocrx_word' id='word_1_278' title='bbox 1294 2793 1484 2858; x_wconf 88' lang='lat' dir='ltr'>loci:</span> <span class='ocrx_word' id='word_1_279' title='bbox 1531 2794 1597 2857; x_wconf 90' lang='lat' dir='ltr'>in</span> <span class='ocrx_word' id='word_1_280' title='bbox 1622 2811 1759 2877; x_wconf 89' lang='lat' dir='ltr'>quo,</span> <span class='ocrx_word' id='word_1_281' title='bbox 1808 2794 1939 2858; x_wconf 88' lang='lat' dir='ltr'>scil.</span> <span class='ocrx_word' id='word_1_282' title='bbox 1964 2811 2190 2876; x_wconf 88' lang='lat' dir='ltr'>genere</span> <span class='ocrx_word' id='word_1_283' title='bbox 2230 2791 2518 2856; x_wconf 82' lang='lat' dir='ltr'>humano,</span> <span class='ocrx_word' id='word_1_284' title='bbox 2545 2826 2630 2837; x_wconf 89' lang='lat'>--</span> 
     </span>
     <span class='ocr_line' id='line_1_27' title="bbox 211 2880 2627 2978; baseline 0.006 -36"><span class='ocrx_word' id='word_1_285' title='bbox 211 2880 742 2973; x_wconf 70' lang='grc' dir='ltr'><em>ὑπερεπερίσσευσεν</em></span> <span class='ocrx_word' id='word_1_286' title='bbox 787 2895 829 2975; x_wconf 78' lang='grc' dir='ltr'><em>ἤ</em></span> <span class='ocrx_word' id='word_1_287' title='bbox 869 2892 1060 2977; x_wconf 78' lang='grc' dir='ltr'><em>χάρις,</em></span> <span class='ocrx_word' id='word_1_288' title='bbox 1106 2914 1134 2959; x_wconf 87' lang='grc'><strong>3</strong></span> <span class='ocrx_word' id='word_1_289' title='bbox 1151 2912 1191 2959; x_wconf 91' lang='lat' dir='ltr'>u</span> <span class='ocrx_word' id='word_1_290' title='bbox 1211 2913 1252 2978; x_wconf 91' lang='lat' dir='ltr'>p</span> <span class='ocrx_word' id='word_1_291' title='bbox 1273 2914 1304 2958; x_wconf 92' lang='grc'><strong>6</strong></span> <span class='ocrx_word' id='word_1_292' title='bbox 1325 2913 1406 2959; x_wconf 86' lang='lat' dir='ltr'>ra</span> <span class='ocrx_word' id='word_1_293' title='bbox 1424 2894 1464 2958; x_wconf 94' lang='lat' dir='ltr'>b</span> <span class='ocrx_word' id='word_1_294' title='bbox 1483 2913 1521 2957; x_wconf 94' lang='lat' dir='ltr'>u</span> <span class='ocrx_word' id='word_1_295' title='bbox 1541 2913 1581 2958; x_wconf 92' lang='lat' dir='ltr'>n</span> <span class='ocrx_word' id='word_1_296' title='bbox 1597 2895 1637 2958; x_wconf 93' lang='lat' dir='ltr'>d</span> <span class='ocrx_word' id='word_1_297' title='bbox 1656 2912 1693 2959; x_wconf 91' lang='lat' dir='ltr'>a</span> <span class='ocrx_word' id='word_1_298' title='bbox 1709 2894 1833 2959; x_wconf 85' lang='lat' dir='ltr'>vit</span> <span class='ocrx_word' id='word_1_299' title='bbox 1876 2913 1919 2977; x_wconf 87' lang='lat' dir='ltr'>g</span> <span class='ocrx_word' id='word_1_300' title='bbox 1937 2914 1967 2957; x_wconf 91' lang='lat' dir='ltr'>r</span> <span class='ocrx_word' id='word_1_301' title='bbox 1984 2912 2021 2957; x_wconf 89' lang='lat' dir='ltr'>a</span> <span class='ocrx_word' id='word_1_302' title='bbox 2038 2892 2098 2957; x_wconf 88' lang='lat' dir='ltr'>ti</span> <span class='ocrx_word' id='word_1_303' title='bbox 2118 2911 2155 2958; x_wconf 92' lang='lat' dir='ltr'>a</span> <span class='ocrx_word' id='word_1_304' title='bbox 2174 2942 2189 2971; x_wconf 92' lang='lat'>,</span> <span class='ocrx_word' id='word_1_305' title='bbox 2237 2893 2275 2956; x_wconf 89' lang='lat' dir='ltr'>i.</span> <span class='ocrx_word' id='word_1_306' title='bbox 2338 2912 2390 2960; x_wconf 94' lang='grc'>6.</span> <span class='ocrx_word' id='word_1_307' title='bbox 2437 2892 2521 2956; x_wconf 90' lang='lat' dir='ltr'>mi</span> <span class='ocrx_word' id='word_1_308' title='bbox 2530 2911 2627 2956; x_wconf 89' lang='lat' dir='ltr'>se-</span> 
     </span>
     <span class='ocr_line' id='line_1_28' title="bbox 208 2984 2622 3079; baseline 0.003 -32"><span class='ocrx_word' id='word_1_309' title='bbox 208 2984 381 3053; x_wconf 89' lang='lat' dir='ltr'>ricors</span> <span class='ocrx_word' id='word_1_310' title='bbox 424 2992 602 3059; x_wconf 88' lang='lat' dir='ltr'>Deus</span> <span class='ocrx_word' id='word_1_311' title='bbox 649 2995 1258 3077; x_wconf 88' lang='lat' dir='ltr'>superabundantem</span> <span class='ocrx_word' id='word_1_312' title='bbox 1301 2995 1569 3079; x_wconf 76' lang='lat' dir='ltr'>gratiam</span> <span class='ocrx_word' id='word_1_313' title='bbox 1614 2995 1864 3072; x_wconf 81' lang='lat' dir='ltr'>effudit3</span> <span class='ocrx_word' id='word_1_314' title='bbox 1914 3013 2104 3077; x_wconf 90' lang='lat' dir='ltr'>quum</span> <span class='ocrx_word' id='word_1_315' title='bbox 2149 2996 2377 3076; x_wconf 87' lang='lat' dir='ltr'>quanto</span> <span class='ocrx_word' id='word_1_316' title='bbox 2422 2992 2622 3074; x_wconf 89' lang='lat' dir='ltr'>major</span> 
     </span>
     <span class='ocr_line' id='line_1_29' title="bbox 207 3084 2030 3179; baseline 0.004 -28"><span class='ocrx_word' id='word_1_317' title='bbox 207 3084 484 3171; x_wconf 87' lang='lat' dir='ltr'>iniquitas</span> <span class='ocrx_word' id='word_1_318' title='bbox 541 3095 874 3177; x_wconf 79' lang='lat' dir='ltr'>peccantis,</span> <span class='ocrx_word' id='word_1_319' title='bbox 923 3100 1095 3160; x_wconf 89' lang='lat' dir='ltr'>tanto</span> <span class='ocrx_word' id='word_1_320' title='bbox 1147 3096 1347 3178; x_wconf 85' lang='lat' dir='ltr'>major</span> <span class='ocrx_word' id='word_1_321' title='bbox 1389 3097 1593 3179; x_wconf 88' lang='lat' dir='ltr'>gratia</span> <span class='ocrx_word' id='word_1_322' title='bbox 1636 3096 2030 3160; x_wconf 88' lang='lat' dir='ltr'>remittentis.</span> 
     </span>
    </p>

    <p class='ocr_par' dir='ltr' id='par_1_5' title="bbox 209 3192 2628 4495">
     <span class='ocr_line' id='line_1_30' title="bbox 396 3192 2628 3283; baseline -0.002 -24"><span class='ocrx_word' id='word_1_323' title='bbox 396 3192 472 3259; x_wconf 89' lang='lat' dir='ltr'>V.</span> <span class='ocrx_word' id='word_1_324' title='bbox 521 3195 622 3259; x_wconf 83' lang='lat'>21.</span> <span class='ocrx_word' id='word_1_325' title='bbox 674 3243 712 3275; x_wconf 88' lang='lat'><em>„</em></span> <span class='ocrx_word' id='word_1_326' title='bbox 731 3196 812 3261; x_wconf 75' lang='lat' dir='ltr'>Ut</span> <span class='ocrx_word' id='word_1_327' title='bbox 853 3199 1008 3261; x_wconf 76' lang='lat' dir='ltr'>sicut</span> <span class='ocrx_word' id='word_1_328' title='bbox 1047 3198 1327 3283; x_wconf 60' lang='lat' dir='ltr'>reynavt’t</span> <span class='ocrx_word' id='word_1_329' title='bbox 1377 3205 1698 3282; x_wconf 77' lang='lat' dir='ltr'>peccatum</span> <span class='ocrx_word' id='word_1_330' title='bbox 1754 3198 1823 3259; x_wconf 79' lang='lat' dir='ltr'>in</span> <span class='ocrx_word' id='word_1_331' title='bbox 1884 3204 2091 3274; x_wconf 79' lang='lat' dir='ltr'>morte,</span> <span class='ocrx_word' id='word_1_332' title='bbox 2151 3196 2243 3257; x_wconf 77' lang='lat' dir='ltr'>ita</span> <span class='ocrx_word' id='word_1_333' title='bbox 2302 3202 2357 3257; x_wconf 79' lang='lat' dir='ltr'>ct</span> <span class='ocrx_word' id='word_1_334' title='bbox 2418 3193 2628 3278; x_wconf 68' lang='lat' dir='ltr'>qratia</span> 
     </span>
     <span class='ocr_line' id='line_1_31' title="bbox 209 3293 2627 3387; baseline 0.002 -35"><span class='ocrx_word' id='word_1_335' title='bbox 209 3304 472 3373; x_wconf 67' lang='lat' dir='ltr'>reynaret</span> <span class='ocrx_word' id='word_1_336' title='bbox 522 3317 647 3380; x_wconf 75' lang='lat' dir='ltr'>per</span> <span class='ocrx_word' id='word_1_337' title='bbox 699 3299 1018 3387; x_wconf 77' lang='lat' dir='ltr'>justitiam</span> <span class='ocrx_word' id='word_1_338' title='bbox 1082 3298 1150 3361; x_wconf 78' lang='lat' dir='ltr'>in</span> <span class='ocrx_word' id='word_1_339' title='bbox 1214 3299 1404 3361; x_wconf 76' lang='lat' dir='ltr'>vitam</span> <span class='ocrx_word' id='word_1_340' title='bbox 1469 3306 1781 3361; x_wconf 76' lang='lat' dir='ltr'>aeternam</span> <span class='ocrx_word' id='word_1_341' title='bbox 1833 3318 1955 3381; x_wconf 73' lang='lat' dir='ltr'>per</span> <span class='ocrx_word' id='word_1_342' title='bbox 2017 3296 2229 3362; x_wconf 76' lang='lat' dir='ltr'>Jesum</span> <span class='ocrx_word' id='word_1_343' title='bbox 2304 3293 2627 3375; x_wconf 76' lang='lat' dir='ltr'>Christum,</span> 
     </span>
     <span class='ocr_line' id='line_1_32' title="bbox 213 3386 2625 3478; baseline 0.005 -29"><span class='ocrx_word' id='word_1_344' title='bbox 213 3386 528 3461; x_wconf 79' lang='lat' dir='ltr'>Dominum</span> <span class='ocrx_word' id='word_1_345' title='bbox 573 3404 905 3461; x_wconf 77' lang='lat' dir='ltr'>nostrum“.</span> <span class='ocrx_word' id='word_1_346' title='bbox 950 3436 1034 3445; x_wconf 92' lang='lat'><em>-</em></span> <span class='ocrx_word' id='word_1_347' title='bbox 1080 3402 1136 3459; x_wconf 73' lang='grc' dir='ltr'>ἐν</span> <span class='ocrx_word' id='word_1_348' title='bbox 1177 3397 1448 3477; x_wconf 68' lang='grc' dir='ltr'>θανάτῳ,</span> <span class='ocrx_word' id='word_1_349' title='bbox 1494 3399 1558 3462; x_wconf 90' lang='lat' dir='ltr'>in</span> <span class='ocrx_word' id='word_1_350' title='bbox 1603 3400 1821 3477; x_wconf 90' lang='lat' dir='ltr'>morte,</span> <span class='ocrx_word' id='word_1_351' title='bbox 1850 3399 1944 3461; x_wconf 89' lang='lat' dir='ltr'>est</span> <span class='ocrx_word' id='word_1_352' title='bbox 1966 3396 2135 3461; x_wconf 87' lang='lat' dir='ltr'>idem</span> <span class='ocrx_word' id='word_1_353' title='bbox 2159 3414 2262 3461; x_wconf 89' lang='lat' dir='ltr'>ac:</span> <span class='ocrx_word' id='word_1_354' title='bbox 2308 3395 2625 3478; x_wconf 84' lang='lat' dir='ltr'>inferendo</span> 
     </span>
     <span class='ocr_line' id='line_1_33' title="bbox 213 3496 2624 3583; baseline 0.004 -32"><span class='ocrx_word' id='word_1_355' title='bbox 213 3496 458 3562; x_wconf 87' lang='lat' dir='ltr'>mortem</span> <span class='ocrx_word' id='word_1_356' title='bbox 508 3498 664 3583; x_wconf 89' lang='lat' dir='ltr'>(scil.</span> <span class='ocrx_word' id='word_1_357' title='bbox 714 3500 959 3565; x_wconf 89' lang='lat' dir='ltr'>animae</span> <span class='ocrx_word' id='word_1_358' title='bbox 1027 3504 1087 3563; x_wconf 89' lang='lat' dir='ltr'>et</span> <span class='ocrx_word' id='word_1_359' title='bbox 1159 3500 1478 3583; x_wconf 90' lang='lat' dir='ltr'>corporis),</span> <span class='ocrx_word' id='word_1_360' title='bbox 1549 3502 1610 3563; x_wconf 91' lang='lat' dir='ltr'>et</span> <span class='ocrx_word' id='word_1_361' title='bbox 1654 3498 2025 3582; x_wconf 90' lang='lat' dir='ltr'>praepositio</span> <span class='ocrx_word' id='word_1_362' title='bbox 2072 3501 2129 3559; x_wconf 73' lang='grc' dir='ltr'>ἐν</span> <span class='ocrx_word' id='word_1_363' title='bbox 2172 3498 2233 3562; x_wconf 89' lang='lat' dir='ltr'>h.</span> <span class='ocrx_word' id='word_1_364' title='bbox 2284 3498 2324 3563; x_wconf 94' lang='grc'>1.</span> <span class='ocrx_word' id='word_1_365' title='bbox 2373 3500 2471 3562; x_wconf 88' lang='lat' dir='ltr'>est</span> <span class='ocrx_word' id='word_1_366' title='bbox 2514 3497 2624 3562; x_wconf 90' lang='lat' dir='ltr'>in-</span> 
     </span>
     <span class='ocr_line' id='line_1_34' title="bbox 215 3590 2625 3683; baseline 0.005 -33"><span class='ocrx_word' id='word_1_367' title='bbox 215 3605 239 3651; x_wconf 89' lang='lat' dir='ltr'>s</span> <span class='ocrx_word' id='word_1_368' title='bbox 260 3590 322 3654; x_wconf 91' lang='lat' dir='ltr'>tr</span> <span class='ocrx_word' id='word_1_369' title='bbox 337 3614 374 3659; x_wconf 92' lang='lat' dir='ltr'>u</span> <span class='ocrx_word' id='word_1_370' title='bbox 395 3617 460 3662; x_wconf 94' lang='lat' dir='ltr'>m</span> <span class='ocrx_word' id='word_1_371' title='bbox 482 3617 514 3661; x_wconf 92' lang='grc'><strong>6</strong></span> <span class='ocrx_word' id='word_1_372' title='bbox 531 3602 619 3663; x_wconf 90' lang='lat' dir='ltr'>nt</span> <span class='ocrx_word' id='word_1_373' title='bbox 640 3600 716 3663; x_wconf 91' lang='lat' dir='ltr'>al</span> <span class='ocrx_word' id='word_1_374' title='bbox 734 3600 802 3665; x_wconf 89' lang='lat' dir='ltr'>is</span> <span class='ocrx_word' id='word_1_375' title='bbox 820 3650 834 3679; x_wconf 99' lang='lat'>,</span> <span class='ocrx_word' id='word_1_376' title='bbox 883 3601 1182 3679; x_wconf 79' lang='lat' dir='ltr'>indicanS,</span> <span class='ocrx_word' id='word_1_377' title='bbox 1232 3620 1271 3682; x_wconf 91' lang='lat' dir='ltr'><strong>q</strong></span> <span class='ocrx_word' id='word_1_378' title='bbox 1289 3620 1328 3664; x_wconf 92' lang='lat' dir='ltr'>u</span> <span class='ocrx_word' id='word_1_379' title='bbox 1349 3619 1382 3665; x_wconf 97' lang='lat' dir='ltr'>o</span> <span class='ocrx_word' id='word_1_380' title='bbox 1402 3619 1466 3664; x_wconf 93' lang='lat' dir='ltr'>m</span> <span class='ocrx_word' id='word_1_381' title='bbox 1482 3618 1516 3665; x_wconf 94' lang='lat' dir='ltr'>o</span> <span class='ocrx_word' id='word_1_382' title='bbox 1540 3600 1578 3665; x_wconf 83' lang='lat' dir='ltr'>d</span> <span class='ocrx_word' id='word_1_383' title='bbox 1596 3617 1631 3664; x_wconf 93' lang='lat' dir='ltr'>o</span> <span class='ocrx_word' id='word_1_384' title='bbox 1676 3602 2003 3683; x_wconf 89' lang='lat' dir='ltr'>peccatum</span> <span class='ocrx_word' id='word_1_385' title='bbox 2048 3597 2393 3664; x_wconf 90' lang='lat' dir='ltr'>dominium</span> <span class='ocrx_word' id='word_1_386' title='bbox 2441 3617 2625 3663; x_wconf 91' lang='lat' dir='ltr'>suum</span> 
     </span>
     <span class='ocr_line' id='line_1_35' title="bbox 217 3700 2624 3785; baseline 0.005 -34"><span class='ocrx_word' id='word_1_387' title='bbox 217 3702 490 3764; x_wconf 86' lang='lat' dir='ltr'>exerceat.</span> <span class='ocrx_word' id='word_1_388' title='bbox 538 3736 624 3747; x_wconf 89' lang='lat'><strong>—</strong></span> <span class='ocrx_word' id='word_1_389' title='bbox 665 3700 787 3763; x_wconf 93' lang='lat' dir='ltr'>Per</span> <span class='ocrx_word' id='word_1_390' title='bbox 832 3719 943 3766; x_wconf 93' lang='lat' dir='ltr'>mo</span> <span class='ocrx_word' id='word_1_391' title='bbox 962 3705 1035 3766; x_wconf 92' lang='lat' dir='ltr'>rt</span> <span class='ocrx_word' id='word_1_392' title='bbox 1055 3720 1086 3765; x_wconf 91' lang='grc'><strong>6</strong></span> <span class='ocrx_word' id='word_1_393' title='bbox 1105 3722 1170 3766; x_wconf 94' lang='lat' dir='ltr'>m</span> <span class='ocrx_word' id='word_1_394' title='bbox 1213 3702 1274 3766; x_wconf 88' lang='lat' dir='ltr'>h.</span> <span class='ocrx_word' id='word_1_395' title='bbox 1324 3702 1364 3765; x_wconf 92' lang='grc'>1.</span> <span class='ocrx_word' id='word_1_396' title='bbox 1415 3720 1551 3766; x_wconf 86' lang='grc'><strong>6336</strong></span> <span class='ocrx_word' id='word_1_397' title='bbox 1617 3700 2093 3785; x_wconf 86' lang='lat' dir='ltr'>intelligendam</span> <span class='ocrx_word' id='word_1_398' title='bbox 2162 3702 2429 3780; x_wconf 84' lang='lat' dir='ltr'>mortem</span> <span class='ocrx_word' id='word_1_399' title='bbox 2490 3702 2624 3764; x_wconf 91' lang='lat' dir='ltr'>tam</span> 
     </span>
     <span class='ocr_line' id='line_1_36' title="bbox 217 3797 2624 3885; baseline 0.003 -33"><span class='ocrx_word' id='word_1_400' title='bbox 217 3806 244 3851; x_wconf 87' lang='lat' dir='ltr'>c</span> <span class='ocrx_word' id='word_1_401' title='bbox 260 3808 290 3855; x_wconf 94' lang='lat' dir='ltr'>o</span> <span class='ocrx_word' id='word_1_402' title='bbox 306 3814 382 3879; x_wconf 91' lang='lat' dir='ltr'>rp</span> <span class='ocrx_word' id='word_1_403' title='bbox 405 3816 440 3863; x_wconf 94' lang='lat' dir='ltr'>o</span> <span class='ocrx_word' id='word_1_404' title='bbox 461 3800 528 3864; x_wconf 91' lang='lat' dir='ltr'>ri</span> <span class='ocrx_word' id='word_1_405' title='bbox 551 3818 579 3864; x_wconf 90' lang='lat' dir='ltr'>s</span> <span class='ocrx_word' id='word_1_406' title='bbox 597 3849 614 3879; x_wconf 96' lang='lat'>,</span> <span class='ocrx_word' id='word_1_407' title='bbox 661 3819 846 3882; x_wconf 89' lang='lat' dir='ltr'>quam</span> <span class='ocrx_word' id='word_1_408' title='bbox 878 3820 915 3867; x_wconf 91' lang='lat' dir='ltr'>a</span> <span class='ocrx_word' id='word_1_409' title='bbox 932 3802 1010 3867; x_wconf 89' lang='lat' dir='ltr'>ni</span> <span class='ocrx_word' id='word_1_410' title='bbox 1029 3821 1091 3867; x_wconf 94' lang='lat' dir='ltr'>m</span> <span class='ocrx_word' id='word_1_411' title='bbox 1110 3820 1147 3867; x_wconf 94' lang='lat' dir='ltr'>a</span> <span class='ocrx_word' id='word_1_412' title='bbox 1166 3822 1198 3867; x_wconf 90' lang='lat' dir='ltr'>e</span> <span class='ocrx_word' id='word_1_413' title='bbox 1216 3852 1232 3881; x_wconf 99' lang='lat'>,</span> <span class='ocrx_word' id='word_1_414' title='bbox 1285 3802 1590 3885; x_wconf 87' lang='lat' dir='ltr'>colligitur</span> <span class='ocrx_word' id='word_1_415' title='bbox 1628 3821 1701 3866; x_wconf 87' lang='lat' dir='ltr'>ex</span> <span class='ocrx_word' id='word_1_416' title='bbox 1724 3802 2054 3867; x_wconf 85' lang='lat' dir='ltr'>antithesi:</span> <span class='ocrx_word' id='word_1_417' title='bbox 2098 3800 2197 3862; x_wconf 76' lang='grc' dir='ltr'><em>διὰ</em></span> <span class='ocrx_word' id='word_1_418' title='bbox 2246 3797 2624 3881; x_wconf 77' lang='grc' dir='ltr'><em>δικαιοσύνης</em></span> 
     </span>
     <span class='ocr_line' id='line_1_37' title="bbox 215 3893 2623 3984; baseline 0 -22"><span class='ocrx_word' id='word_1_419' title='bbox 215 3895 285 3962; x_wconf 65' lang='grc' dir='ltr'>εἰς</span> <span class='ocrx_word' id='word_1_420' title='bbox 323 3896 360 3969; x_wconf 88' lang='grc' dir='ltr'><em>ζ</em></span> <span class='ocrx_word' id='word_1_421' title='bbox 361 3900 478 3982; x_wconf 75' lang='grc' dir='ltr'>ωὴν</span> <span class='ocrx_word' id='word_1_422' title='bbox 534 3900 792 3964; x_wconf 70' lang='grc' dir='ltr'><em>αἰώνιον.</em></span> <span class='ocrx_word' id='word_1_423' title='bbox 879 3893 1047 3968; x_wconf 67' lang='lat' dir='ltr'>Nam</span> <span class='ocrx_word' id='word_1_424' title='bbox 1115 3903 1278 3969; x_wconf 77' lang='lat' dir='ltr'>Sicut</span> <span class='ocrx_word' id='word_1_425' title='bbox 1343 3900 1691 3983; x_wconf 75' lang='grc' dir='ltr'><em>δικαιοσύνη</em></span> <span class='ocrx_word' id='word_1_426' title='bbox 1758 3902 1944 3967; x_wconf 66' lang='lat' dir='ltr'>morti</span> <span class='ocrx_word' id='word_1_427' title='bbox 2011 3901 2316 3984; x_wconf 73' lang='lat' dir='ltr'>spiritu</span> <span class='ocrx_word' id='word_1_428' title='bbox 2333 3902 2449 3967; x_wconf 84' lang='lat' dir='ltr'>ali</span> <span class='ocrx_word' id='word_1_429' title='bbox 2513 3918 2623 3964; x_wconf 80' lang='lat' dir='ltr'>seu</span> 
     </span>
     <span class='ocr_line' id='line_1_38' title="bbox 217 3998 2619 4088; baseline 0.002 -31"><span class='ocrx_word' id='word_1_430' title='bbox 217 4010 248 4057; x_wconf 86' lang='lat' dir='ltr'>a</span> <span class='ocrx_word' id='word_1_431' title='bbox 266 4000 417 4069; x_wconf 91' lang='lat' dir='ltr'>nim</span> <span class='ocrx_word' id='word_1_432' title='bbox 437 4022 474 4068; x_wconf 89' lang='lat' dir='ltr'>a</span> <span class='ocrx_word' id='word_1_433' title='bbox 495 4023 527 4068; x_wconf 89' lang='grc'><strong>6</strong></span> <span class='ocrx_word' id='word_1_434' title='bbox 572 4004 914 4088; x_wconf 90' lang='lat' dir='ltr'>opponitur,</span> <span class='ocrx_word' id='word_1_435' title='bbox 984 4004 1095 4085; x_wconf 89' lang='lat' dir='ltr'>ita,</span> <span class='ocrx_word' id='word_1_436' title='bbox 1165 4005 1326 4088; x_wconf 89' lang='lat' dir='ltr'>quod</span> <span class='ocrx_word' id='word_1_437' title='bbox 1373 4004 1734 4087; x_wconf 88' lang='lat' dir='ltr'>exprimitur</span> <span class='ocrx_word' id='word_1_438' title='bbox 1778 4002 1983 4067; x_wconf 88' lang='lat' dir='ltr'>verbis</span> <span class='ocrx_word' id='word_1_439' title='bbox 2028 4007 2113 4073; x_wconf 82' lang='grc' dir='ltr'>εἰς</span> <span class='ocrx_word' id='word_1_440' title='bbox 2158 4001 2317 4083; x_wconf 76' lang='grc' dir='ltr'><strong><em>ζωὴν</em></strong></span> <span class='ocrx_word' id='word_1_441' title='bbox 2384 3998 2619 4063; x_wconf 72' lang='grc' dir='ltr'><em>αἰώνιον</em></span> 
     </span>
     <span class='ocr_line' id='line_1_39' title="bbox 215 4101 2620 4189; baseline -0.001 -22"><span class='ocrx_word' id='word_1_442' title='bbox 215 4106 522 4180; x_wconf 75' lang='lat' dir='ltr'>opponitur</span> <span class='ocrx_word' id='word_1_443' title='bbox 567 4107 754 4170; x_wconf 89' lang='lat' dir='ltr'>morti</span> <span class='ocrx_word' id='word_1_444' title='bbox 796 4127 836 4189; x_wconf 98' lang='lat' dir='ltr'>p</span> <span class='ocrx_word' id='word_1_445' title='bbox 853 4106 896 4170; x_wconf 92' lang='lat' dir='ltr'>h</span> <span class='ocrx_word' id='word_1_446' title='bbox 913 4126 951 4189; x_wconf 84' lang='lat' dir='ltr'><strong>y</strong></span> <span class='ocrx_word' id='word_1_447' title='bbox 971 4106 1092 4169; x_wconf 91' lang='lat' dir='ltr'>sic</span> <span class='ocrx_word' id='word_1_448' title='bbox 1109 4124 1145 4170; x_wconf 88' lang='lat' dir='ltr'>a</span> <span class='ocrx_word' id='word_1_449' title='bbox 1162 4126 1194 4169; x_wconf 92' lang='lat' dir='ltr'>e</span> <span class='ocrx_word' id='word_1_450' title='bbox 1239 4124 1349 4170; x_wconf 89' lang='lat' dir='ltr'>seu</span> <span class='ocrx_word' id='word_1_451' title='bbox 1394 4124 1428 4169; x_wconf 91' lang='lat' dir='ltr'>c</span> <span class='ocrx_word' id='word_1_452' title='bbox 1449 4123 1484 4169; x_wconf 92' lang='lat' dir='ltr'>o</span> <span class='ocrx_word' id='word_1_453' title='bbox 1501 4125 1531 4169; x_wconf 98' lang='lat' dir='ltr'>r</span> <span class='ocrx_word' id='word_1_454' title='bbox 1549 4126 1588 4189; x_wconf 87' lang='lat' dir='ltr'>p</span> <span class='ocrx_word' id='word_1_455' title='bbox 1605 4122 1639 4169; x_wconf 94' lang='lat' dir='ltr'>o</span> <span class='ocrx_word' id='word_1_456' title='bbox 1657 4105 1722 4168; x_wconf 92' lang='lat' dir='ltr'>ri</span> <span class='ocrx_word' id='word_1_457' title='bbox 1742 4124 1788 4169; x_wconf 90' lang='grc'>3.</span> <span class='ocrx_word' id='word_1_458' title='bbox 1861 4101 2196 4184; x_wconf 70' lang='grc' dir='ltr'><em>δικαιοσύνη</em></span> <span class='ocrx_word' id='word_1_459' title='bbox 2240 4104 2300 4168; x_wconf 90' lang='lat' dir='ltr'>h.</span> <span class='ocrx_word' id='word_1_460' title='bbox 2346 4105 2389 4167; x_wconf 94' lang='grc'>1.</span> <span class='ocrx_word' id='word_1_461' title='bbox 2435 4102 2620 4166; x_wconf 88' lang='lat' dir='ltr'>intel-</span> 
     </span>
     <span class='ocr_line' id='line_1_40' title="bbox 217 4194 2618 4290; baseline 0.001 -27"><span class='ocrx_word' id='word_1_462' title='bbox 217 4194 441 4279; x_wconf 85' lang='lat' dir='ltr'>ligenda</span> <span class='ocrx_word' id='word_1_463' title='bbox 486 4210 582 4271; x_wconf 91' lang='lat' dir='ltr'>est</span> <span class='ocrx_word' id='word_1_464' title='bbox 624 4206 752 4285; x_wconf 88' lang='lat' dir='ltr'>illa,</span> <span class='ocrx_word' id='word_1_465' title='bbox 801 4225 955 4289; x_wconf 87' lang='lat' dir='ltr'>quae</span> <span class='ocrx_word' id='word_1_466' title='bbox 1001 4224 1185 4289; x_wconf 84' lang='lat' dir='ltr'>supra</span> <span class='ocrx_word' id='word_1_467' title='bbox 1230 4206 1316 4289; x_wconf 89' lang='lat'>(1,</span> <span class='ocrx_word' id='word_1_468' title='bbox 1368 4207 1498 4290; x_wconf 84' lang='lat'>17.)</span> <span class='ocrx_word' id='word_1_469' title='bbox 1544 4206 1623 4271; x_wconf 88' lang='lat' dir='ltr'>ab</span> <span class='ocrx_word' id='word_1_470' title='bbox 1670 4206 1947 4288; x_wconf 91' lang='lat' dir='ltr'>apostolo</span> <span class='ocrx_word' id='word_1_471' title='bbox 2010 4205 2175 4270; x_wconf 89' lang='lat' dir='ltr'>dicta</span> <span class='ocrx_word' id='word_1_472' title='bbox 2219 4206 2350 4269; x_wconf 89' lang='lat' dir='ltr'>erat</span> <span class='ocrx_word' id='word_1_473' title='bbox 2394 4206 2618 4266; x_wconf 77' lang='grc' dir='ltr'><em>δικαιο-</em></span> 
     </span>
     <span class='ocr_line' id='line_1_41' title="bbox 217 4293 2618 4391; baseline 0.002 -24"><span class='ocrx_word' id='word_1_474' title='bbox 217 4293 338 4383; x_wconf 74' lang='grc' dir='ltr'><strong><em>σύνη</em></strong></span> <span class='ocrx_word' id='word_1_475' title='bbox 380 4310 528 4367; x_wconf 75' lang='grc' dir='ltr'><em>θεοῦ</em></span> <span class='ocrx_word' id='word_1_476' title='bbox 555 4344 626 4353; x_wconf 93' lang='lat'><em>-</em></span> <span class='ocrx_word' id='word_1_477' title='bbox 655 4307 983 4391; x_wconf 79' lang='lat' dir='ltr'>„Gratia</span> <span class='ocrx_word' id='word_1_478' title='bbox 1025 4326 1103 4371; x_wconf 90' lang='lat' dir='ltr'>re</span> <span class='ocrx_word' id='word_1_479' title='bbox 1127 4308 1324 4391; x_wconf 89' lang='lat' dir='ltr'>gnet</span> <span class='ocrx_word' id='word_1_480' title='bbox 1369 4326 1506 4390; x_wconf 90' lang='lat' dir='ltr'>per</span> <span class='ocrx_word' id='word_1_481' title='bbox 1542 4306 2043 4391; x_wconf 86' lang='lat' dir='ltr'>justitiam“,</span> <span class='ocrx_word' id='word_1_482' title='bbox 2089 4306 2126 4369; x_wconf 90' lang='lat' dir='ltr'>i.</span> <span class='ocrx_word' id='word_1_483' title='bbox 2158 4323 2208 4369; x_wconf 91' lang='grc'>6.</span> <span class='ocrx_word' id='word_1_484' title='bbox 2256 4304 2387 4371; x_wconf 86' lang='lat' dir='ltr'>vim</span> <span class='ocrx_word' id='word_1_485' title='bbox 2436 4324 2618 4371; x_wconf 89' lang='lat' dir='ltr'>suam</span> 
     </span>
     <span class='ocr_line' id='line_1_42' title="bbox 221 4405 2615 4495; baseline 0.007 -35"><span class='ocrx_word' id='word_1_486' title='bbox 221 4407 426 4472; x_wconf 81' lang='lat' dir='ltr'>exserat</span> <span class='ocrx_word' id='word_1_487' title='bbox 446 4426 557 4494; x_wconf 90' lang='lat' dir='ltr'>per</span> <span class='ocrx_word' id='word_1_488' title='bbox 573 4407 910 4495; x_wconf 85' lang='lat' dir='ltr'>justitiam,</span> <span class='ocrx_word' id='word_1_489' title='bbox 957 4426 1112 4491; x_wconf 89' lang='lat' dir='ltr'>quae</span> <span class='ocrx_word' id='word_1_490' title='bbox 1138 4412 1232 4475; x_wconf 90' lang='lat' dir='ltr'>est</span> <span class='ocrx_word' id='word_1_491' title='bbox 1253 4409 1489 4475; x_wconf 88' lang='lat' dir='ltr'>fructus</span> <span class='ocrx_word' id='word_1_492' title='bbox 1517 4409 1685 4475; x_wconf 91' lang='lat' dir='ltr'>illius</span> <span class='ocrx_word' id='word_1_493' title='bbox 1730 4405 1985 4495; x_wconf 73' lang='grc' dir='ltr'><em>χάριτος,</em></span> <span class='ocrx_word' id='word_1_494' title='bbox 2032 4406 2194 4475; x_wconf 85' lang='lat' dir='ltr'>siout</span> <span class='ocrx_word' id='word_1_495' title='bbox 2217 4407 2283 4481; x_wconf 81' lang='lat' dir='ltr'>in</span> <span class='ocrx_word' id='word_1_496' title='bbox 2302 4409 2615 4481; x_wconf 83' lang='lat' dir='ltr'>sententia</span> 
     </span>
    </p>
   </div>
  </div>
 </body>
</html>
