3234 4992
485 268 566 334 18
1541 272 1653 326 Gap.
1687 274 1727 316 1.
1756 285 1799 314 v.
1819 273 1860 314 4.

481 451 924 537 chrysostomo
971 453 1358 537 significatu:
1427 456 1943 535 declarare,
1999 454 2642 530 demonstrare.
2730 452 2901 518 Hinc

481 571 698 618 sensus
763 556 890 618 est:
979 552 1099 633 Qui
1171 557 1452 639 potenter
1523 557 1873 622 declaratus
1942 559 2038 620 est
2104 555 2303 620 Filius
2368 555 2487 619 Dei
2560 553 2906 619 secundum

484 656 771 718 naturam
833 653 966 737 ejus
1033 655 1306 721 divinam
1369 656 1551 741 (quae
1619 657 1889 741 Spiritus
1957 654 2119 740 est).
2178 691 2263 702 --
2306 655 2417 733 „E
2469 655 2908 718 resurrectione

483 761 919 835 mortuorumf‘
961 755 998 819 i.
1048 774 1099 820 e.
1145 755 1256 840 per
1296 758 1809 824 resurrectionem
1856 776 2033 823 suam
2078 775 2116 822 a
2158 756 2435 822 mortuis
2523 755 2909 839 Praepositio

487 854 556 916 ἐκ
597 855 656 921 11.
701 857 742 920 l.
790 857 883 920 uti
927 873 1108 940 saepe
1153 858 1307 924 alias
1353 858 1439 942 (3,
1485 858 1618 942 20.)
1663 859 1863 923 valet:
1909 877 2066 941 per.
2117 893 2191 903 --

683 956 1226 1024 Resurrectio
1295 959 1524 1024 Christi
1579 978 1616 1023 a
1662 959 1922 1024 mortuis
1988 976 2204 1023 revera
2269 960 2401 1021 erat
2468 957 2907 1021 documentum

483 1056 956 1123 Messianae
1002 1062 1066 1123 et
1109 1059 1442 1125 divinae
1487 1060 1618 1142 ejus
1664 1058 2026 1143 dignitatis:
2072 1058 2218 1140 quia
2262 1058 2336 1122 de
2372 1056 2611 1122 Messia
2631 1056 2906 1140 praedic-

484 1158 621 1223 tum
669 1162 819 1236 erat,
864 1157 995 1225 fore
1018 1161 1088 1224 ut
1112 1163 1368 1226 amorte
1389 1160 1603 1226 redeat
1625 1162 1692 1226 in
1736 1161 1933 1226 vitam
1979 1160 2149 1245 (Act.
2196 1160 2255 1238 2,
2301 1159 2421 1234 243
2470 1158 2567 1236 13,
2614 1156 2780 1242 32.);
2831 1193 2907 1203 -

486 1259 629 1341 quia
674 1257 972 1339 ChristuS,
1041 1261 1189 1326 licet
1231 1262 1297 1325 in
1362 1260 1613 1326 diversis
1683 1281 1730 1326 s,
1802 1261 2140 1345 scripturae
2207 1260 2377 1339 16616,
2440 1261 2745 1342 quatenus
2812 1257 2912 1323 est

483 1359 580 1424 ho
603 1376 753 1439 mo,
822 1361 1059 1426 dicatur
1103 1380 1140 1426 a
1185 1362 1349 1426 Deo
1418 1364 1747 1427 revocatus
1793 1362 1983 1426 fuisse
2028 1361 2093 1425 in
2136 1359 2369 1438 vitam,
2438 1367 2648 1424 tamen
2690 1358 2901 1435 etiam,

487 1463 790 1541 quatenus
858 1465 956 1526 est
1021 1462 1077 1526 D
1098 1481 1263 1539 6116,
1337 1481 1366 1527 6
1388 1481 1484 1528 ua
1547 1463 1850 1545 potestate
1913 1461 2109 1526 vitam
2175 1460 2481 1544 recepisse
2545 1459 2910 1542 perhibetur

487 1558 693 1643 (Joan.
741 1561 840 1640 10,
891 1563 1049 1647 19.);
1096 1599 1173 1609 -
1221 1566 1284 1628 et
1327 1563 1469 1646 quia
1497 1563 1862 1628 resurrectio
1888 1560 2120 1627 Christi
2143 1563 2276 1626 erat
2320 1561 2909 1625 documentum

437 1667 442 1671 ’
487 1663 551 1722 et
595 1661 976 1744 sigillum
1043 1664 1217 1746 quasi
1276 1663 1600 1728 veritatem
1672 1663 1986 1728 doctrinae
2056 1661 2187 1746 ejus
2264 1660 2668 1737 confirmans3
2736 1659 2912 1741 atqui

489 1760 802 1826 doctrinae
861 1763 992 1845 ejus
1056 1782 1199 1847 pars
1265 1767 1396 1828 erat
1461 1764 1738 1828 doctrina
1801 1763 1931 1841 illa,
1999 1781 2120 1846 qua
2180 1781 2244 1826 se
2286 1760 2521 1826 Filium
2567 1760 2685 1825 Dei
2748 1779 2908 1838 esse,

489 1860 767 1926 divinam
814 1863 932 1928 sibi
976 1864 1182 1929 inesse
1225 1865 1514 1929 naturam
1573 1864 1853 1930 docebat.
1941 1864 2151 1928 Etiam
2218 1881 2307 1945 ap
2330 1861 2590 1928 ostoli
2655 1861 2900 1938 docent,

488 1964 998 2029 resurrectionem
1046 1963 1275 2031 Christi
1299 1985 1336 2031 a
1361 1966 1623 2031 mortuis
1654 1985 1787 2030 esse
1817 1964 2239 2030 certissimum
2264 1981 2548 2028 summae
2576 1961 2907 2046 dignitatis

491 2061 721 2128 Christi
755 2066 1198 2131 documentum
1229 2067 1783 2148 firmissimumque
1805 2066 1952 2130 fidei
1995 2064 2360 2129 christianae
2403 2063 2909 2142 fundamentum,

488 2182 606 2245 quo
653 2184 943 2231 concusso
986 2167 1127 2250 ipsa
1169 2167 1321 2232 fides
1364 2186 1522 2233 vana
1567 2169 1733 2232 esset
1774 2170 1835 2232 et
1877 2166 2082 2232 inanis
2128 2166 2294 2249 (Act.
2324 2165 2381 2243 1,
2404 2164 2523 2241 223
2568 2164 2631 2243 2,
2657 2163 2757 2228 27.
2786 2164 2909 2238 313

491 2265 589 2343 13,
635 2266 734 2330 35.
801 2266 979 2332 Rom.
1028 2267 1087 2347 6,
1132 2267 1189 2331 9.
1242 2270 1296 2330 1.
1343 2266 1477 2332 Cor.
1529 2268 1628 2347 15,
1674 2266 1903 2333 3—20.
1950 2269 2005 2331 1.
2051 2267 2217 2331 Petr.
2269 2267 2325 2344 1,
2370 2266 2444 2343 3;
2504 2264 2567 2345 3,
2626 2265 2777 2349 21.).
2828 2304 2910 2317 -

487 2365 786 2430 Nonnulli
806 2367 1192 2451 interpretes,
1238 2368 1288 2432 Τ
1309 2367 1349 2433 11
1372 2368 1842 2433 eodoretum
1886 2368 2101 2447 secuti,
2130 2365 2194 2427 ἐν
2218 2363 2458 2446 δυνάμει
2492 2363 2909 2448 metonymice

489 2469 799 2548 exponunt
865 2467 940 2532 de
1006 2468 1516 2547 miraculis,
1583 2473 1811 2549 πνεῦμα
1862 2472 1969 2550 τῆς
2012 2465 2338 2551 ἁγιωσύνης
2404 2467 2479 2531 (16
2546 2465 2911 2550 Spiritu

490 2570 820 2648 sancto,
865 2566 934 2630 ἐκ
975 2586 1118 2634 1616
1150 2572 1408 2634 sumunt
1431 2571 1501 2634 ut
1541 2569 2063 2654 praepositionem
2108 2569 2541 2652 temporis,
2589 2587 2672 2633 ex
2714 2585 2910 2650 quo,

490 2666 581 2730 ita
623 2669 694 2732 ut
735 2668 898 2734 idem
944 2671 1150 2735 valeat
1193 2689 1300 2736 ac:
1343 2671 1534 2735 inde
1577 2689 1633 2750 a,
1679 2673 1865 2753 atque
1907 2672 2075 2736 1111116
2118 2671 2403 2736 statuunt
2446 2687 2732 2734 sensum:
2783 2667 2906 2747 Qui

491 2767 833 2834 declaratus
890 2774 983 2836 est
1046 2771 1241 2836 Filius
1308 2771 1425 2835 Dei
1491 2789 1600 2854 per
1667 2771 1966 2837 miracula
1994 2821 2009 2850 ,
2087 2772 2315 2837 virtute
2380 2769 2651 2854 Spiritus
2716 2789 2763 2834 6.
2830 2769 2911 2833 ad

485 2867 684 2951 ipsius
707 2871 980 2936 nominis
1027 2871 1475 2938 invocationem
1525 2874 1791 2955 patrata,
1838 2891 1909 2936 ex
1930 2891 2049 2954 quo
2073 2890 2110 2936 a
2134 2871 2395 2937 mortuis
2440 2871 2787 2936 resurrexit.
2818 2906 2907 2917 —-

485 2969 565 3033 Et
608 2970 833 3036 iterum
878 2972 986 3037 alii
1023 2991 1071 3037 6.
1122 2970 1230 3038 Ch
1253 2989 1444 3056 ryso
1467 2972 1814 3037 stomum
1860 2967 2075 3051 secuti,
2146 2975 2452 3053 statuunt,
2497 2972 2577 3038 ab
2626 2971 2900 3055 apostolo

486 3069 586 3135 hic
630 3071 792 3137 tria
833 3073 1093 3156 proferri
1135 3074 1519 3156 argumenta,
1566 3073 1790 3155 quibus
1836 3072 2123 3140 Christus
2169 3074 2519 3138 declaratus
2565 3076 2659 3138 est
2702 3073 2904 3138 Filius

488 3172 623 3253 Dei,
669 3175 732 3238 et
775 3175 962 3240 verba
1005 3175 1265 3258 apostoli
1325 3175 1415 3240 ita
1475 3175 1819 3258 exponunt:
1890 3175 2058 3254 Qui.
2093 3225 2107 3240 .
2154 3175 2505 3240 declaratus
2570 3177 2667 3239 est
2708 3173 2907 3239 Filius

487 3273 604 3338 Dei
648 3294 758 3359 per
801 3277 1266 3358 potentiam
1309 3276 1769 3355 miraculorum,
1819 3295 1972 3359 quae
2017 3277 2303 3360 patravit,
2351 3294 2461 3359 per
2506 3273 2907 3358 Spiritum

490 3395 559 3452 s.,
607 3393 792 3457 quem
817 3377 987 3442 dedit
1019 3378 1409 3443 credentibus
1456 3378 1521 3442 in
1547 3397 1632 3456 se,
1681 3379 1743 3440 et
1765 3397 1873 3460 per
1915 3375 2624 3442 resurrectionem
2670 3375 2908 3440 mortu-

489 3491 685 3553 orum,
733 3495 854 3558 qua
899 3497 966 3542 se
1007 3477 1213 3561 ipsum
1258 3480 1585 3544 suscitavit
1610 3498 1644 3542 e
1668 3479 1948 3543 mortuis.
1996 3515 2079 3525 —
2123 3475 2284 3557 Quia
2307 3476 2599 3560 expositio
2644 3477 2909 3541 altera

490 3575 729 3656 statuit,
777 3575 1095 3642 Christum
1141 3579 1518 3662 coepisse
1564 3579 1858 3644 declarari
1901 3579 2131 3643 Filium
2177 3579 2297 3642 Dei
2336 3577 2520 3642 inde
2568 3595 2608 3642 a
2648 3595 2903 3642 resur-

489 3677 898 3758 rectione,
961 3697 1153 3762 quum
1196 3680 1261 3744 id
1294 3680 1430 3762 jam
1489 3682 1732 3744 antea
1774 3680 1839 3744 in
1883 3679 2015 3763 eJus
2077 3679 2421 3757 nativitate,
2480 3677 2796 3762 baptismo
2843 3679 2909 3742 et

489 3779 1025 3863 transfiguratione
1089 3780 1330 3846 factum
1395 3782 1593 3858 esset3
1652 3816 1738 3827 —
1780 3781 2036 3846 tertia
2095 3798 2239 3845 vero
2307 3778 2629 3864 explicatio
2695 3797 2902 3844 rerum

490 3881 865 3946 ordinem
933 3881 1163 3961 turbat,
1233 3901 1423 3966 quum
1492 3881 1997 3962 effusionem
2066 3881 2332 3965 Spiritus
2397 3901 2468 3960 s.,
2515 3898 2670 3962 quae
2727 3880 2906 3964 juxta

487 3985 648 4049 hanc
689 3983 1262 4066 interpretationem
1307 3986 1563 4068 putatur
1622 3983 1961 4068 significari
2023 4002 2133 4065 per
2174 4001 2389 4049 voces:
2463 3981 2911 4048 secundum

493 4084 912 4168 Spiritum
958 4083 1701 4150 sanctificationis
1768 4084 1957 4167 (quod
2000 4083 2169 4148 haud
2214 4084 2503 4149 credibile
2548 4083 2670 4167 est)
2717 4085 2911 4166 ponat

493 4204 530 4250 a
551 4186 680 4251 nte
710 4184 754 4253 J
759 4205 868 4252 esu
893 4184 1125 4250 Christi
1147 4205 1184 4251 a
1205 4186 1466 4251 mortuis
1488 4185 2022 4262 resurrectionem,
2048 4185 2290 4250 —ideo
2324 4185 2581 4268 prima
2618 4182 2911 4266 expositio

491 4287 571 4352 ob
638 4305 818 4352 suam
899 4285 1364 4370 simplicitatem
1429 4290 1492 4351 et
1567 4286 1935 4351 facilitatem
2015 4285 2414 4368 praeferenda
2491 4284 2751 4351 videtur.
2828 4319 2909 4331 ·—

494 4386 851 4470 Vulgata
893 4405 1036 4454 vero
1081 4389 1145 4452 et
1185 4387 1404 4454 Patres
1463 4387 1726 4453 latini
1789 4386 1879 4451 ita
1920 4385 2191 4451 habentz
2258 4384 2403 4465 Qui
2446 4384 2916 4469 praedesti-
