3234 4992
1309 248 1421 301 cap.
1447 248 1566 292 xxv.
1590 258 1639 290 v.
1665 250 1707 291 1.
2588 253 2709 319 221

1265 486 1511 588 Caput
1562 486 1735 568 ΧΝ.

489 638 1106 721 Argumentum.
1178 639 1249 703 In
1295 640 1532 705 duobus
1576 639 1888 723 capitibus
1922 638 2434 721 praecedentibus
2476 658 2522 704 s.
2565 657 2709 724 apo-

278 739 486 803 stolus
532 738 906 804 charitatem
952 757 1101 823 erga
1143 741 1491 824 proximum
1535 743 1855 807 multoties
1880 740 2372 816 commendavit3
2417 741 2483 807 in
2525 742 2713 807 hocce

281 841 501 905 autem
547 841 750 923 capite
774 842 971 921 docet,
1018 860 1165 924 quo
1189 862 1252 907 m
1271 860 1305 907 o
1325 843 1416 907 do
1459 844 1829 908 charitatem
1864 843 2055 907 istam
2080 841 2403 908 ostendere
2427 842 2710 922 debeant,

277 941 420 1005 scil.
491 959 599 1019 eo,
667 943 830 1025 quod
890 961 1009 1007 non
1056 947 1287 1008 temere
1346 943 1627 1027 judicent
1699 943 1873 1021 elice,
1942 945 2128 1027 atque
2185 944 2451 1027 benigne
2512 944 2715 1010 ferant

276 1043 682 1107 infirmitates
742 1061 972 1109 eorum.
1065 1042 1275 1109 Ocea
1297 1046 1616 1110 sionem
1673 1044 1820 1109 huic
1879 1045 2291 1111 adhortationi
2352 1045 2519 1109 dedit
2582 1046 2713 1129 ipse

277 1148 488 1210 status
535 1146 746 1210 coetus
793 1145 1116 1211 christiani
1161 1146 1446 1211 Romani.
1512 1146 1707 1211 Erant
1750 1145 2045 1211 nimirum
2090 1146 2324 1211 Romae
2366 1163 2490 1210 non
2532 1148 2716 1229 pauci

276 1245 323 1311 J
341 1246 1005 1324 udaeo-christiani,
1069 1248 1170 1330 qui
1235 1246 1681 1324 existimarent,
1742 1247 2086 1312 etiamnum
2150 1246 2535 1311 observanda
2592 1248 2713 1312 sibi

280 1366 426 1411 esse
452 1348 954 1431 statutalegis
975 1348 1287 1413 Mosaicae
1313 1348 1512 1429 quoad
1550 1347 1789 1412 cibos
1823 1350 1887 1411 et
1927 1346 2140 1425 dies3
2167 1347 2314 1412 dum
2339 1346 2477 1412 eth
2500 1348 2714 1412 nico-

277 1448 611 1514 christiani
654 1450 985 1533 praecepta
1027 1450 1136 1515 illa
1179 1453 1479 1531 tanquam
1515 1449 1754 1513 nullam
1803 1446 2202 1532 obligationis
2246 1447 2374 1512 vim
2417 1448 2714 1513 habentia

277 1550 707 1633 negligebant.
797 1550 1002 1631 Quum
1042 1550 1175 1633 jam
1221 1550 1358 1614 ideo
1404 1548 1448 1613 J
1450 1548 1998 1614 udaeo-christiani
2061 1548 2711 1615 ethnico-christianos

277 1668 394 1733 pro
439 1651 662 1733 legis
708 1650 1496 1735 transgressoribus
1541 1650 1865 1728 haberent,
1932 1651 1999 1714 hi
2045 1666 2184 1714 vero
2229 1650 2369 1714 illos
2413 1654 2711 1733 tanquam

277 1753 830 1836 evangelicae
903 1753 1340 1818 libertatis
1416 1752 1664 1835 ignaros
1724 1757 1909 1835 atque
1968 1750 2355 1816 infirmos
2414 1753 2534 1817 fide
2594 1754 2712 1817 de-

277 1853 747 1936 spicerent,
810 1856 1150 1937 apostolus,
1211 1872 1404 1935 quum
1464 1858 1799 1935 utrumque
1861 1852 2107 1918 obesset
2171 1853 2469 1918 fovendae
2512 1854 2711 1918 chari-

279 1955 406 2018 tati
443 1954 775 2033 fraternae,
821 1959 1112 2037 utrosque
1135 1954 1224 2019 ita
1249 1954 1472 2037 arguit,
1519 1959 1590 2019 ut
1613 1973 1717 2019 eos
1742 1956 1958 2019 doceat
1982 1954 2305 2020 charitatis
2348 1955 2706 2037 regulas;

279 2057 433 2120 dum
481 2056 778 2121 nimirum
824 2057 1126 2121 doctiores
1171 2055 1877 2139 (ethnico-christianos)
1934 2056 2234 2134 hortatur,
2297 2060 2367 2120 ut
2428 2056 2705 2121 infirmos

285 2158 326 2223 J
332 2158 937 2223 udaeo-christianos
982 2157 1249 2241 benigne
1295 2160 1580 2236 tractent,
1630 2176 1739 2223 nec
1783 2157 2224 2234 contemnant3
2283 2156 2712 2244 ‹Iudaeo-chri-

283 2260 523 2324 stianos
551 2279 694 2324 vero
738 2260 1015 2325 vicissim
1065 2262 1296 2337 monet,
1341 2279 1419 2324 ne
1466 2259 2113 2324 ethnico-christianos
2138 2261 2369 2322 temere
2412 2258 2711 2341 judicent,

278 2378 510 2443 eosque
553 2363 624 2425 ut
667 2361 984 2443 improbos
1030 2362 1445 2425 condemnent
1489 2360 1791 2445 (1-18.).
1841 2360 2118 2424 Tandem
2144 2359 2435 2441 utrosque
2480 2361 2710 2438 monet,

280 2464 354 2525 ut
422 2477 677 2543 operam
751 2461 898 2526 dent
963 2463 1150 2544 paci
1213 2462 1669 2528 conservandae
1736 2462 1798 2525 et
1863 2461 2315 2545 promovendae
2380 2464 2713 2527 mutuae

278 2561 881 2627 aedificationi
929 2562 1091 2645 (19ρ
1124 2563 1276 2646 23.).

486 2661 562 2727 V.
614 2664 667 2727 1.
715 2663 1080 2747 „Infirmum
1122 2685 1262 2727 vero
1291 2663 1425 2747 fide
1466 2664 1779 2749 recipite.“
1863 2664 2019 2730 Vult
2064 2666 2296 2731 dicere:
2352 2665 2562 2745 Illum,
2608 2666 2711 2748 qui

278 2764 551 2829 necdum
613 2765 802 2829 habet
867 2783 1252 2848 persuasum,
1321 2766 1468 2848 quid
1534 2766 1599 2830 in
1664 2766 1959 2849 religione
2030 2765 2259 2831 Christi
2323 2767 2588 2830 vetitum
2652 2766 2713 2831 et

280 2865 434 2950 quid
484 2866 676 2931 libere
734 2867 1116 2949 permissum
1189 2868 1310 2941 sit;
1377 2885 1504 2945 seu,
1553 2868 1659 2950 qui
1720 2868 1794 2931 de
1852 2866 2162 2947 libertate,
2223 2886 2331 2950 per
2390 2865 2713 2932 Christum

277 2966 528 3049 adepta,
595 2968 870 3033 nondum
917 2969 1067 3033 satis
1133 2968 1473 3033 instructus
1540 2971 1675 3047 est,
1758 2968 1824 3031 in
1890 2968 2365 3033 contubernium
2433 2971 2709 3033 vestrum

278 3070 546 3134 comiter
587 3070 864 3153 recipite,
923 3071 986 3134 et
1027 3070 1251 3135 habete
1295 3071 1367 3133 ut
1410 3068 1683 3134 fratrem.
1773 3072 1966 3138 πίστις
2006 3068 2066 3133 h.
2114 3070 2154 3133 l.
2203 3072 2300 3134 est
2341 3069 2499 3134 fides
2546 3069 2710 3135 chri-

277 3170 483 3235 stiana
545 3170 833 3254 respectu
896 3171 1301 3253 practi003
1369 3189 1512 3255 ergo
1578 3170 1773 3235 animi
1838 3170 2176 3254 persuasio,
2244 3170 2391 3253 quid
2456 3170 2523 3234 in
2588 3170 2709 3237 fide

281 3271 516 3337 Christi
559 3272 844 3352 vetitum,
890 3272 1038 3354 quid
1080 3271 1351 3337 liberum
1397 3273 1494 3337 sit.
1545 3271 1669 3352 (Cf.
1717 3292 1773 3337 v.
1818 3273 1881 3337 2.
1924 3272 2025 3336 22.
2062 3272 2215 3357 23).
2260 3308 2346 3319 -
2388 3272 2582 3350 „Non
2625 3272 2714 3335 ad

276 3372 759 3464 dijudicationes
815 3373 1245 3458 copitationum
1263 3378 1329 3453 ;“
1393 3374 1432 3438 i.
1497 3392 1546 3437 e.
1598 3373 1749 3457 quin
1808 3392 1951 3439 cum
2016 3390 2087 3439 eo
2154 3373 2564 3452 contendatis,
2632 3392 2712 3440 an

279 3476 462 3552 bene,
513 3488 590 3540 a'n
637 3476 801 3539 male
860 3474 1092 3539 sentiat
1144 3478 1432 3557 respectu
1476 3475 1687 3558 legum
1747 3475 2085 3539 ritualium.
2136 3512 2209 3521 -—
2260 3473 2321 3540 S.
2367 3476 2602 3541 Paulus
2646 3476 2711 3539 in

281 3577 552 3661 epistola
595 3578 676 3642 ad
720 3576 1060 3651 Galatas
1106 3576 1282 3640 valde
1329 3576 1639 3640 acriter
1681 3575 1994 3642 invehitur
2036 3575 2102 3640 in
2146 3592 2275 3656 303,
2321 3577 2428 3659 qui
2462 3576 2711 3642 ritualia

278 3679 492 3761 aliqua
535 3680 864 3763 praecepta
908 3676 1367 3757 observabant,
1436 3678 1584 3743 dum
1644 3677 1749 3742 hic
1808 3695 1952 3743 cum
2009 3676 2310 3743 Romanis
2356 3678 2709 3762 benigne

279 3799 429 3843 eum
473 3780 767 3863 agentem
826 3778 1124 3844 videmus».
1218 3777 1318 3843 Ca
1340 3796 1481 3843 usa
1544 3777 1732 3862 hujus
1798 3778 2076 3843 diversae
2142 3779 2278 3862 ejus
2337 3780 2562 3863 agendi
2608 3798 2709 3845 ra-

279 3879 474 3947 tionis
520 3880 586 3944 in
634 3897 706 3944 30
752 3880 877 3944 sita
920 3882 1034 3957 est,
1092 3879 1238 3961 quia
1302 3878 1366 3943 111
1409 3879 1674 3961 epistola
1731 3879 1809 3944 ad
1854 3878 2107 3944 Galatas
2167 3898 2308 3944 cum
2368 3880 2496 3943 illis
2558 3881 2706 3964 agit,

277 3981 388 4064 qui
451 3980 617 4065 legi
660 3980 972 4045 Mosaicae
1039 3980 1440 4046 virtutem
1499 3980 2063 4063 justificandi
2122 3980 2515 4060 tribuebant,
2585 4000 2709 4047 non

279 4082 496 4147 autem
555 4080 764 4145 fidei
824 4081 890 4145 in
953 4079 1302 4158 Christum3
1360 4082 1422 4145 h.
1469 4081 1510 4145 l.
1557 4100 1701 4146 vero
1762 4100 1904 4147 cum
1948 4082 2025 4147 iis
2071 4081 2219 4167 agit,
2265 4083 2371 4165 qui
2415 4082 2706 4148 virtutem

277 4183 426 4247 fidei
492 4184 556 4247 in
627 4181 945 4271 Christum
1017 4182 1438 4266 agnoscebant
1503 4184 1567 4247 et
1628 4184 2117 4262 confitebantur,
2181 4185 2707 4249 ceremonias

277 4285 496 4349 tamen
542 4282 780 4365 aliquas
829 4284 1022 4349 simul
1066 4283 1441 4362 retinebant,
1506 4286 1807 4367 tanquam
1853 4302 1891 4349 a
1932 4287 2064 4352 Deo
2124 4285 2482 4362 institutam
2548 4286 2707 4369 quod

277 4386 346 4449 in
389 4384 568 4449 initio
612 4384 987 4467 permissum
1049 4387 1146 4450 est
1191 4384 1503 4451 conversis
1563 4404 1636 4449 ex
1692 4385 1736 4450 J
1740 4385 1949 4451 udaeis
2009 4392 2257 4471 propter
2316 4406 2524 4452 eorum
2586 4385 2706 4451 im·
2772 4378 2777 4381 ’
