3234 4992
1399 241 1510 296 0⁸1).
1537 245 1574 286 1.
1601 254 1650 288 v.
1677 243 1743 286 18.
2692 241 2777 308 27

335 430 584 513 justuS,
630 448 840 494 veram
885 427 1254 513 (aeternam)
1286 429 1482 494 vitam
1524 429 1813 506 habebit3
1860 431 1983 494 vel
2025 447 2169 494 vero
2212 431 2477 512 possunt
2498 427 2775 494 connecti

344 549 498 594 cum
545 529 732 594 verbo
777 527 1036 610 ζήσεται,
1081 529 1198 594 1100
1243 548 1464 594 sensu:
1523 530 1736 614 justus
1780 531 2121 596 salvabitur
2176 549 2284 595 seu
2326 530 2521 594 vitam
2565 547 2776 594 veram

347 631 730 714 (aeternam)
773 631 1030 696 habebit
1073 649 1181 714 per
1223 631 1430 696 fidem.
1520 631 1869 714 Utrumque
1925 651 2140 697 verum
2184 634 2310 708 est3
2379 648 2526 694 nam
2567 629 2774 708 homo,

349 732 464 814 qui
508 751 618 814 per
637 732 826 797 fidem
849 732 1050 797 factus
1075 735 1168 796 est
1182 731 1409 814 justus,
1455 733 1701 797 nonnisi
1745 733 2079 798 servata
2122 733 2339 798 eadem
2362 731 2483 796 fide
2505 730 2776 814 genuina

347 836 422 896 et
467 833 700 897 efficaci
743 851 935 916 usque
980 832 1059 896 ad
1100 832 1288 896 finem
1331 833 1514 910 vitae,
1561 833 1783 896 beatus
1841 833 1993 910 fieri,
2063 852 2173 897 seu
2217 833 2413 897 vitam
2457 834 2772 896 aeternam

350 934 654 1014 consequi
696 934 923 1017 potest.
1012 932 1216 1014 Quum
1286 935 1502 998 tamen
1543 953 1593 1001 3.
1640 935 1955 1017 apostolus
1999 934 2062 999 h.
2107 935 2152 998 1.
2198 933 2315 1018 (uti
2359 933 2425 997 in
2469 933 2647 1018 epist.
2696 932 2775 996 ad

345 1032 613 1098 Galatas
658 1035 718 1110 3,
767 1033 894 1118 11.)
940 1034 1156 1116 docere
1199 1034 1353 1111 vult,
1398 1035 1712 1100 hominem
1766 1034 2255 1118 Justificari
2298 1053 2441 1116 per
2484 1033 2649 1097 fide
2674 1051 2770 1109 m,

343 1139 536 1216 atque
580 1135 716 1199 ideo
762 1137 948 1199 etiam
998 1139 1060 1196 ἐκ
1101 1140 1355 1207 πίστεως
1418 1137 1673 1220 opponit
1728 1160 1811 1214 τῳ
1854 1131 2039 1218 νόμῳ,
2105 1135 2190 1220 (3,
2235 1135 2334 1200 20.
2380 1135 2481 1198 21.
2529 1136 2591 1197 et
2634 1132 2771 1198 Gal.

343 1237 415 1312 3,
460 1236 608 1319 11.),
653 1237 879 1313 elucet,
921 1237 1112 1302 verba
1155 1241 1217 1298 ἐκ
1259 1241 1508 1308 πίστεως
1549 1238 1608 1302 11.
1658 1238 1699 1302 1.
1747 1238 1837 1322 (et
1881 1238 1946 1302 in
1988 1237 2169 1320 epist.
2214 1236 2293 1300 ad
2338 1233 2503 1318 Gal.)
2542 1234 2771 1297 rectius

344 1336 645 1419 conjungi
689 1355 831 1400 cum
877 1356 1025 1402 voce
1068 1342 1310 1409 δίκαιος.
1352 1375 1438 1386 -
1480 1338 1665 1404 Nunc
1730 1357 1912 1404 versu
1958 1339 2055 1402 18.
2104 1336 2319 1420 incipit
2360 1355 2409 1402 3.
2454 1335 2771 1418 apostolus

345 1437 569 1502 thema
611 1437 949 1520 principale
992 1441 1184 1505 totius
1229 1440 1544 1522 epistolae,
1589 1439 1718 1503 scil.
1772 1438 2211 1522 justitiam
2258 1456 2345 1501 ex
2388 1436 2551 1500 fide
2595 1452 2773 1499 esse

343 1539 985 1620 quaerendam,
1054 1542 1176 1605 alia
1240 1540 1653 1624 propositione
1723 1540 2331 1616 confirmare,.
2378 1537 2527 1600 dum
2572 1535 2769 1613 docet,

341 1656 627 1704 omnes
695 1639 975 1705 homines
1047 1660 1180 1705 esse
1245 1642 1588 1722 impios,
1658 1640 2060 1725 injustoS,
2128 1641 2651 1722 peccatores,
2711 1636 2774 1699 et

339 1759 460 1823 per
500 1740 618 1805 hoc
662 1741 788 1806 irae
811 1743 929 1806 Dei
972 1743 1299 1825 subjectos,
1344 1743 1544 1807 Docet
1587 1742 1653 1806 id
1697 1743 1973 1825 primum
2018 1741 2093 1805 de
2137 1739 2604 1824 gentilibus
2647 1737 2765 1802 hoc

342 1841 570 1923 capite,
619 1841 758 1906 dein
804 1843 878 1906 de
921 1843 965 1909 J
978 1843 1260 1907 udaeis
1304 1842 1384 1926 (c.
1427 1843 1485 1906 2.
1534 1845 1597 1905 et
1636 1844 1744 1924 3.),
1791 1842 1901 1907 ubi
1944 1843 2194 1906 demum
2242 1841 2321 1905 ad
2363 1838 2773 1923 principalem

339 1941 510 2004 redit
555 1943 949 2021 sententiam,
987 1943 1304 2026 justitiam
1349 1962 1481 2008 esse
1525 1963 1614 2006 ex
1675 1943 1708 2006 f
1716 1944 1735 2006 i
1758 1944 1846 2006 de
1890 1943 2241 2024 petendam,
2310 1941 2373 2004 et
2417 1940 2561 2004 dein
2605 1939 2767 2002 hanc

339 2040 500 2106 facit
544 2043 1038 2109 conclusionem:
1095 2043 1160 2109 Si
1203 2062 1437 2121 omnes,
1485 2047 1621 2108 tam
1666 2043 1710 2108 J
1713 2043 1911 2120 udaei,
1959 2060 2145 2124 quam
2188 2042 2473 2124 gentileS,
2518 2040 2769 2121 peccato

340 2145 413 2205 et
455 2144 580 2207 irae
626 2145 745 2208 Dei
789 2148 933 2208 sunt
977 2145 1238 2222 obnoxii,
1286 2163 1407 2209 non
1452 2163 1598 2228 ergo
1642 2163 1716 2208 ex
1758 2145 1833 2208 le
1857 2162 1981 2227 ge,
2028 2161 2224 2223 neque
2268 2160 2340 2206 ex
2383 2140 2770 2224 operibus

339 2245 759 2326 exspectanda
823 2248 914 2309 est
975 2245 1268 2327 justitia,
1335 2246 1444 2310 sed
1510 2245 1779 2328 gratis
1823 2245 2087 2309 habetur
2130 2262 2239 2325 per
2280 2241 2769 2321 fidem,-quae

337 2348 441 2407 est
484 2344 548 2408 in
594 2343 860 2410 Christo,

551 2444 628 2510 V.
678 2447 775 2510 18.
820 2445 1202 2524 „Revelatur
1245 2447 1402 2509 enim
1444 2447 1548 2509 ira
1572 2447 1698 2509 Dei
1738 2445 1813 2508 de
1848 2444 2007 2509 coelo
2028 2445 2096 2508 in
2133 2464 2363 2508 omnem
2404 2442 2770 2528 impietatem

335 2553 401 2607 et
439 2529 828 2634 injustitiam
849 2547 1216 2610 hominum.“
1256 2583 1342 2594 -
1385 2547 1444 2610 N
1465 2565 1655 2610 exus
1716 2547 1900 2629 hujus
1944 2564 2157 2610 versus
2202 2563 2345 2620 cum
2388 2542 2767 2627 praegressis

339 2645 495 2709 talis
537 2647 672 2710 est:
722 2647 918 2712 Versu
961 2648 1353 2730 praecedenti
1397 2647 1629 2712 dixerat
1675 2649 2006 2730 apostolus,
2052 2647 2117 2710 in
2161 2646 2479 2728 evangelio
2511 2643 2771 2708 revelari

329 2745 810 2828 justitiam,
857 2767 1012 2829 quae
1055 2749 1291 2812 homini
1338 2766 1374 2812 a
1417 2749 1546 2812 Deo
1591 2749 1785 2812 oritur
1829 2767 1938 2830 per
1979 2747 2188 2823 fidem,
2235 2750 2299 2810 et
2340 2765 2497 2828 quae
2524 2743 2767 2808 homini

339 2864 554 2910 veram
618 2847 840 2911 tribuit
903 2849 1116 2913 vitam.
1207 2848 1391 2912 Nunc
1438 2848 1518 2932 (v,
1570 2849 1697 2932 18.)
1736 2849 2137 2932 prosequitur
2192 2848 2376 2930 atque
2422 2846 2589 2920 dicit,
2654 2844 2764 2908 ubi

325 2947 582 3030 justitia
624 2949 741 3013 Dei
786 2967 859 3012 ex
901 2949 1022 3013 fide
1067 2966 1189 3014 non
1235 2951 1351 3026 est,
1397 2967 1542 3031 ergo
1588 2968 1673 3012 ex
1695 2953 1824 3014 tra
1889 2949 2301 3032 evangelium,
2368 2948 2457 3012 ibi
2500 2945 2761 3010 revelari

333 3047 539 3113 iram
596 3049 730 3126 Dei,
801 3068 960 3132 quae
1028 3053 1290 3114 mortem
1361 3049 1665 3133 operatur.
1754 3051 1890 3115 Ira
1954 3048 2147 3135 (ὀργή)
2214 3045 2762 3130 anthropopathice

335 3149 474 3214 Deo
519 3150 892 3214 adscribitur
935 3152 1118 3232 atque
1163 3151 1436 3228 denotat,
1481 3151 1685 3214 Deum
1730 3167 1974 3216 summe
2006 3154 2314 3229 sanctum,
2360 3145 2761 3221 aversari,

331 3251 796 3332 improbare
862 3252 1254 3333 impietatem
1301 3254 1363 3314 et
1407 3269 1516 3333 pro
1553 3251 1803 3332 justitia
1848 3269 1959 3315 sua
2005 3270 2143 3315 eam
2204 3249 2415 3333 poenis
2482 3246 2757 3322 afficere3

331 3369 482 3434 ergo
523 3351 838 3434 justitiam
882 3352 997 3416 Dei
1066 3352 1538 3428 vindicativam,
1606 3369 1837 3434 poenas
1905 3353 1978 3415 de
2044 3351 2257 3434 impiis
2330 3353 2389 3414 et
2456 3347 2753 3432 improbis

333 3456 710 3517 sumentem.
757 3489 840 3498 —-
884 3452 1162 3517 Verbum
1211 3450 1683 3514 ἀποκαλύπτεται
1746 3453 1805 3516 11.
1874 3452 1916 3516 1.
1986 3451 2347 3535 simpliciter
2410 3448 2753 3532 significat:

330 3552 955 3630 manifestatur,
1001 3554 1251 3636 palam
1293 3554 1397 3618 fit
1444 3556 1546 3633 (cf.
1596 3553 1825 3620 Matth.
1875 3554 1974 3632 10,
2019 3552 2171 3638 26),
2218 3554 2401 3634 atque
2446 3551 2755 3634 explican-

333 3655 485 3718 dum
553 3656 650 3716 est
714 3655 790 3717 de
856 3654 1078 3718 facta
1143 3656 1515 3720 revelatione
1583 3675 1691 3720 seu
1756 3653 2252 3719 manifestatione
2310 3635 2594 3735 ¹f'ustitiae
2637 3649 2756 3713 Dei

326 3754 759 3831 vindicativae,
807 3755 1137 3837 conspicua
1181 3756 1244 3819 in
1290 3774 1378 3834 eo,
1426 3756 1591 3838 quod
1631 3757 1819 3833 DeuS,
1865 3757 1957 3819 uti
2005 3755 2323 3838 apostolus
2382 3753 2446 3816 in
2491 3769 2752 3832 sequen-

325 3855 500 3920 tibus
547 3854 628 3939 (v.
675 3855 776 3918 24.
827 3855 982 3938 seq.)
1029 3856 1238 3932 docet,
1305 3857 1577 3938 gentiles
1643 3857 1708 3920 in
1775 3857 2136 3920 dedecorosa
2200 3853 2440 3936 flagitia
2503 3854 2567 3914 et
2632 3851 2754 3915 alia

330 3956 612 4021 enormia
655 3957 889 4021 scelera
951 3957 1016 4021 in
1074 3957 1457 4040 punitionem
1523 3957 1946 4040 praecedentis
2014 3974 2226 4020 eorum
2292 3951 2751 4036 ingratitudinis

325 4057 571 4140 prolabi
639 4058 1021 4139 permiserit3
1090 4058 1180 4122 ita
1246 4061 1318 4121 ut
1383 4078 1599 4123 sensus
1667 4060 1782 4123 sit:
1848 4059 2015 4122 Nam
2082 4057 2197 4121 Dei
2262 4055 2456 4130 iram,
2522 4069 2749 4134 poenas
2809 4090 2815 4096 -

331 4161 690 4223 sumentem
737 4159 812 4222 de
839 4159 1008 4223 coelo
1029 4158 1093 4222 in
1118 4177 1332 4224 omnes
1356 4159 1641 4225 homines
1688 4160 1913 4241 impios
1958 4160 2019 4223 et
2063 4156 2395 4240 improbos,
2441 4154 2744 4234 ingruere,

327 4259 733 4325 manifestum
779 4259 885 4335 fit;
955 4278 1097 4323 seu:
1165 4259 1428 4325 Justitia
1471 4261 1586 4324 Dei
1630 4260 2035 4336 vindicativa,
2101 4275 2329 4342 poenas
2376 4271 2626 4319 sumens
2670 4252 2745 4316 de

327 4359 620 4424 omnibus
661 4360 874 4443 impiis
917 4364 980 4426 et
1022 4361 1320 4444 improbis
1383 4361 1774 4440 hominibus,
1842 4360 2174 4425 manifesta
2215 4358 2304 4422 fit.
2395 4354 2559 4419 Hinc
2622 4372 2743 4418 non

329 4465 425 4527 est
469 4479 644 4546 opuS,
691 4465 762 4526 ut
806 4481 952 4528 cum
996 4462 1307 4527 nonnullis
1355 4462 1571 4546 (Estio,
1617 4462 1875 4547 Beelen)
1910 4463 1990 4527 ad
2011 4479 2227 4526 vocem
2273 4455 2741 4522 ἀποκαλύπτεται
