3234 4992
583 235 705 300 174
1601 238 1712 291 oq».
1738 241 1795 281 x.
1820 251 1871 281 v.
1892 241 2011 281 σ-ε.

579 438 763 520 amne
816 456 962 503 vera
1017 442 1081 504 et
1134 444 1386 507 aeterna
1442 443 1604 525 apud
1650 442 1855 507 Deum
1900 442 2157 526 (Matth.
2206 444 2305 522 19,
2354 444 2451 508 17.
2499 444 2647 509 Luc.
2697 446 2791 523 10,
2842 444 3010 528 28.)

576 539 789 618 Quum
843 543 1057 605 autem
1113 561 1186 606 ex
1243 543 1417 626 lege,
1483 561 1640 625 quae
1698 544 1936 609 nnllam
1999 544 2190 609 dabat
2247 546 2638 629 gratiam,
2704 546 3018 611 omnia

578 641 907 725 praecepta
938 641 1093 725 legis
1127 661 1311 708 nemo
1347 643 1608 726 implere
1646 648 1712 707 et
1744 664 1854 728 per
1884 662 1957 708 ea
1994 644 2191 709 vitam
2222 646 2487 728 (veram)
2518 646 2745 711 habere
2793 648 3013 729 possit

575 739 670 822 (id
712 741 786 805 fit
828 743 1075 807 tantum
1120 762 1228 827 per
1269 744 1523 810 fidem
1567 746 1704 809 coll.
1732 746 1789 822 1,
1818 746 1966 828 17.)‚
2008 746 2227 828 utique
2268 746 2384 811 tali
2408 746 2592 811 modo
2636 747 2734 810 lex
2762 747 3025 811 homini

576 842 963 907 monstrabat
1006 844 1220 909 viam
1265 845 1343 910 ad
1386 844 1577 910 fidem
1627 846 1694 910 in
1744 844 2101 923 Christum3
2144 847 2309 911 unde
2346 848 2643 929 sequitur,
2682 847 3023 931 justitiam

580 960 789 1007 veram
832 944 1149 1008 neminem
1194 962 1306 1028 per
1345 947 1608 1029 legem
1652 948 1945 1029 consequi
1990 965 2193 1030 posse.

767 1042 842 1109 V.
890 1044 948 1108 6.
996 1046 1303 1124 „Juetitia
1359 1068 1500 1111 vero
1557 1068 1635 1110 σω
1674 1046 1809 1131 fide
1849 1048 1944 1110 ita
2004 1047 2193 1112 dicit:
2260 1048 2361 1112 Ne
2402 1047 2643 1113 dixeris
2695 1051 2767 1113 in
2820 1049 3027 1113 eorde

571 1151 672 1207 mo
690 1165 712 1207 .·
759 1142 914 1218 Quis
954 1146 1236 1212 ascendet
1274 1148 1344 1209 in
1387 1145 1655 1211 coelum?
1694 1147 1769 1211 id
1810 1157 1897 1211 est
1946 1147 2251 1213 Christum
2292 1148 2649 1213 deducor-ef

526 1234 538 1245 '
769 1246 844 1311 V.
892 1247 948 1310 7.
1019 1244 1191 1323 „Aut
1252 1247 1388 1333 quis
1441 1248 1759 1312 desomdet
1806 1250 1877 1313 in
1934 1250 2291 1313 tartarum?
2350 1250 2425 1314 id
2485 1260 2572 1314 est
2620 1250 2949 1317 avidum
2994 1272 3025 1315 e

568 1347 825 1410 mortuis
865 1345 1214 1411 reducere.“
2034 1330 2059 1343 ⁶

587 1463 595 1469 ·
765 1430 844 1495 V.
887 1432 946 1495 8.
993 1430 1164 1510 „Sed
1203 1432 1358 1517 quid
1397 1433 1587 1497 dicit.-
1634 1434 1833 1519 Prope
1876 1442 1931 1495 te
1972 1433 2219 1498 verbum
2260 1444 2369 1515 est,
2426 1436 2495 1498 in
2536 1456 2643 1499 ore
2682 1444 2785 1499 tuo
2828 1446 2902 1499 et
2946 1438 3021 1499 in

569 1530 750 1595 corde
792 1540 916 1609 mo,
956 1532 1064 1595 hoc
1106 1542 1193 1596 cst
1245 1532 1489 1597 verbum
1529 1534 1711 1619 fidei,
1764 1534 1927 1620 quod
1974 1535 2478 1621 praedicamus.“
2518 1572 2605 1583 --
2647 1537 3015 1620 Apostolus

568 1650 623 1695 v.
671 1632 732 1696 6.
778 1632 843 1696 et
886 1633 945 1697 7.
983 1632 1297 1715 justitiam
1343 1634 1488 1699 fidei
1532 1636 1923 1719 negative
1966 1638 2277 1719 exprimit,
2335 1656 2521 1703 versu
2564 1638 2619 1702 8.
2668 1641 2899 1705 autem
2951 1638 3018 1701 id

570 1730 719 1795 facit
760 1750 854 1815 po
873 1732 1074 1798 sitiv
1093 1752 1144 1799 e.
1191 1735 1411 1812 Locus,
1457 1755 1645 1819 quem
1678 1737 1736 1800 h.
1768 1736 1809 1801 1.
1840 1754 1887 1800 s.
1915 1737 2151 1802 Paulus
2196 1737 2452 1803 adducit
2492 1741 2677 1821 atque
2719 1740 3015 1821 exponit,

439 1869 453 1879 -
565 1832 966 1924 depromptus
1031 1839 1131 1899 est
1195 1855 1268 1901 ex
1325 1836 1482 1901 libro
1545 1838 2181 1903 Deuteronomii
2246 1838 2377 1922 (30,
2462 1840 2797 1923 11-13.);
2897 1839 3017 1903 sed

557 1933 767 1999 locum
830 1935 997 2000 hunc
1060 1953 1183 2001 11011
1248 1937 1502 2003 adducit
1565 1940 1862 2003 consueta
1943 1937 2249 2003 formula:
2330 1938 2416 2009 αἱς
2476 1940 2817 2021 γέγραπται,
2896 1943 3019 2004 aut

561 2032 828 2117 Μωυσῆς
866 2036 1099 2120 γράφει,
1161 2038 1272 2101 sed
1328 2057 1440 2121 per
1482 2040 1985 2123 prosopopoeiam
2044 2040 2245 2121 ipsam
2295 2040 2725 2123 justitiam
2786 2040 3016 2104 fidei

561 2136 919 2218 loquentem
965 2138 1223 2218 inducit,
1269 2140 1416 2221 quia
1455 2140 1632 2204 locus
1677 2140 1913 2222 absque
1970 2139 2409 2205 immutatione
2452 2158 2578 2205 non
2620 2140 3013 2223 quadrabat,

564 2236 673 2301 sed
753 2238 1406 2321 applicationem
1485 2239 1865 2323 postulabat.
1954 2240 2031 2304 In
2111 2241 2219 2305 illo
2298 2242 2434 2306 loco
2516 2242 3012 2305 Deuteronomii

559 2335 774 2401 Moses
831 2337 1154 2403 Israelitas
1211 2340 1567 2405 exhortatur
1625 2342 1704 2406 ad
1765 2341 2016 2406 fidelem
2072 2341 2231 2425 legis
2282 2341 2756 2406 observatio
2784 2360 2891 2405 ne
2914 2362 3007 2419 m,

561 2438 749 2518 atque
804 2438 975 2502 omni
1035 2440 1298 2504 occurrit
1351 2460 1488 2505 exc
1510 2462 1551 2506 u
1572 2460 1602 2506 s
1626 2442 1897 2506 ationi
1918 2488 1934 2516 ,
1996 2460 2119 2524 qua
2177 2441 2302 2507 fors
2349 2441 2644 2521 dicerent,
2700 2460 2768 2505 se
2810 2441 3011 2507 illam

559 2536 821 2622 (legem)
883 2539 1355 2623 ignorasse,
1425 2546 1534 2607 aut
1575 2561 1698 2609 non
1761 2542 2143 2624 potuisse
2184 2560 2549 2621 servare,
2618 2542 2767 2607 dum
2816 2542 3007 2621 dicit,

557 2638 762 2722 legem
809 2639 1230 2726 (mandatum)
1288 2662 1410 2708 non
1470 2644 1546 2708 de
1603 2644 1774 2708 coelo
1832 2644 1941 2707 aut
1997 2642 2165 2707 ultra
2225 2661 2416 2719 mare,
2475 2642 2515 2707 1.
2565 2662 2614 2707 e.
2658 2644 2871 2726 longe,
2926 2664 3005 2708 ex

556 2740 810 2805 remotis
857 2744 922 2805 et
962 2742 1292 2808 inaccessis
1336 2744 1489 2809 locis
1521 2763 1658 2809 esse
1693 2742 2111 2821 deferendam,
2159 2744 2267 2807 sed
2299 2743 2364 2807 in
2395 2744 2686 2827 promptu
2708 2743 3001 2825 positam

563 2859 732 2920 esse,
801 2842 944 2925 quia
1004 2861 1192 2927 prope
1247 2845 1346 2910 est
1413 2848 1599 2927 atque
1655 2845 1791 2909 ideo
1852 2843 2053 2909 facilis
2112 2844 2459 2909 observatu.
2553 2843 2711 2925 Quia
2766 2844 3001 2910 Moses

557 2941 726 3022 dicit,
774 2944 928 3007 satis
975 2962 1106 3009 esse
1148 2964 1336 3010 noss
1359 2964 1392 3009 e
1436 2946 1663 3028 legem,
1710 2947 2021 3030 supponit,
2068 2964 2191 3011 non
2226 2946 2444 3011 deesse
2481 2946 2641 3010 vim
2686 2947 3005 3028 sequendi

526 3046 1005 3129 cognitionem,
1069 3066 1180 3112 seu
1236 3046 1460 3131 agendi
1503 3047 1843 3112 secundum
1900 3048 2335 3131 cognitionem.
2426 3046 2549 3112 Sed
2608 3048 2790 3113 illam
2852 3048 2997 3113 vim

557 3146 907 3232 (virtutem)
950 3150 1225 3232 positam
1272 3149 1395 3214 sibi
1437 3148 1647 3214 Moses
1692 3148 2011 3231 cogitabat
2073 3149 2464 3214 solummodo
2507 3149 2575 3212 in
2619 3146 2999 3228 Christo,

552 3249 660 3330 qui
715 3250 1026 3331 omnibuS,
1087 3252 1198 3335 qui
1254 3253 1398 3316 ante
1459 3254 1524 3315 et
1581 3254 1725 3333 post
1786 3268 1929 3313 eum
1990 3250 2273 3315 vixerunt
2334 3253 2397 3315 et
2453 3251 2689 3327 vivunt,
2734 3254 3002 3334 propter

553 3346 742 3413 fidem
802 3350 908 3415 dat
963 3353 1250 3436 gratiam,
1309 3353 1516 3435 legem
1576 3350 1812 3415 ferendi
1869 3354 1939 3415 ut
1999 3369 2153 3416 onus
2212 3370 2399 3417 suave
2461 3351 2526 3415 et
2586 3351 2741 3431 leve,
2806 3351 2999 3415 illam

551 3448 837 3514 lubenter
892 3452 1211 3535 implendi,
1289 3456 1473 3536 atque
1535 3452 1627 3516 ita
1688 3452 1808 3516 sibi
1880 3452 2077 3516 vitam
2139 3452 2558 3535 comparandi.
2631 3488 2705 3499 —
2774 3450 2995 3531 Quum

555 3546 842 3615 Christus
889 3552 973 3616 sit
1033 3553 1236 3618 finis
1281 3556 1342 3618 et
1387 3571 1687 3635 scopus
1731 3552 1911 3635 legiS,
1956 3552 2319 3618 Verbum
2366 3552 2874 3630 essentiale,
2923 3553 2996 3617 in

553 3668 673 3733 quo
719 3656 867 3717 sunt
909 3656 1180 3721 omnia
1215 3656 1358 3720 Dei
1392 3655 1791 3719 mandata
1832 3673 1944 3718 seu
1978 3654 2184 3731 verba,
2217 3655 2311 3719 uti
2357 3654 2577 3719 dicits.
2607 3654 2993 3734 Thomas,

550 3751 689 3818 ideo
732 3756 942 3819 omnia
982 3756 1111 3833 illa,
1158 3775 1314 3839 quae
1369 3757 1519 3821 olim
1562 3755 1775 3820 Moses
1834 3756 1909 3819 de
1967 3754 2154 3819 verbo
2201 3755 2275 3820 V.
2325 3755 2395 3819 Τ.
2446 3754 2615 3833 dixit,
2663 3755 2993 3838 ,plenis-

553 3855 702 3921 sim
723 3875 760 3921 a
801 3858 1060 3922 veritate
1120 3857 1328 3922 valent
1385 3858 1462 3922 de
1528 3855 1761 3922 Chris
1782 3859 1861 3920 to
1926 3856 2179 3939 ejusque
2256 3872 2437 3938 opere
2518 3856 2989 3939 redemptionis.

551 3956 939 4042 Quapropter
980 3977 1026 4022 s.
1074 3958 1306 4023 Paulus
1351 3958 1416 4023 in
1461 3958 1869 4041 applicatione
1911 3957 2096 4040 hujus
2132 3956 2253 4022 loci
2289 3956 2759 4021 Deuteronomii
2800 3959 2987 4022 loco:

550 4057 772 4142 legis
819 4059 1154 4143 (mandati)
1191 4058 1857 4142 ponitChristum,
1904 4061 1967 4122 et
2004 4059 2197 4123 illud:
2245 4060 2319 4123 de
2358 4059 2583 4124 coelo
2631 4060 2706 4123 et
2752 4062 2989 4123 trans

551 4178 770 4225 mare
841 4160 1160 4225 deferre
1225 4160 1597 4243 (deducere),
1667 4160 1914 4242 exponit
1979 4160 2055 4224 de
2121 4160 2705 4227 incarnatione
2767 4162 2833 4223 et
2874 4178 2988 4223 re-

553 4261 1078 4328 surrectione
1136 4260 1386 4339 Christi,
1446 4262 1746 4342 tanquam
1803 4261 1879 4325 de
1949 4260 2189 4326 duobus
2258 4260 2595 4326 momentis
2664 4260 2988 4342 principa-

551 4362 737 4442 libus,
799 4380 956 4446 quae
1013 4363 1217 4429 totum
1260 4359 1707 4443 redemptionis
1752 4377 1907 4441 opus
1966 4361 2477 4443 complectuntur.
2568 4360 2727 4426 Vult
2769 4361 2986 4443 itaque

551 4482 602 4530 s.
661 4465 976 4548 apostolus
1040 4462 1245 4530 verbis
1309 4462 1410 4528 his
1473 4461 1706 4526 dicere:
1767 4458 1943 4539 Quod
2010 4461 2219 4527 Moses
2274 4460 2423 4527 olim
2482 4460 2563 4525 de
2608 4461 2748 4544 lege
2802 4460 2981 4537 dixit,

577 4646 614 4707 l
