3234 4992
1197 276 1308 330 cap.
1335 278 1440 321 vn.
1465 289 1510 322 v.
1539 279 1655 320 1-2.
2552 278 2637 344 99

221 481 354 530 vero
399 482 508 529 seu
554 465 905 548 praemium
947 483 1202 549 opernm
1263 466 1623 532 sanctorum
1677 467 1772 532 est
1814 466 1947 532 vita
1998 467 2265 531 aeterna.
2317 500 2385 511 —-
2437 464 2637 529 Addit

223 566 516 631 rationem
547 564 708 631 finis
752 566 1070 650 utriusque
1115 568 1452 647 servitutiS,
1497 567 1651 632 dum
1696 566 1885 632 dicit:

413 666 489 732 V.
539 668 646 731 23.
702 666 1075 753 „Sapaudia
1131 668 1291 732 enim
1333 669 1596 754 peceati,
1655 672 1860 731 τιιονει(ί
1870 689 1895 749 ,·
1954 667 1991 731 i.
2052 686 2104 731 e.
2166 684 2314 731 nam
2376 682 2633 745 merceS,

222 786 394 852 quam
440 770 644 833 servis
687 770 815 834 suis
857 772 1188 853 peccatum
1235 768 1438 848 solvit,
1485 773 1582 833 est
1626 786 1791 833 mors
1834 771 2105 837 aeterna.
2152 803 2234 815 --
2274 766 2343 829 τὸ
2387 764 2639 849 ἂψόνιον

221 869 543 935 serioribus
591 869 993 952 scriptoribus
1028 870 1280 935 denotat
1323 870 1601 953 stipen
1622 869 1839 934 dium
1882 869 2061 933 mili
2084 870 2286 948 tare3
2338 871 2530 935 etiam
2575 868 2641 934 in

218 971 338 1051 plu
354 989 386 1034 r
403 970 518 1035 ali
557 970 977 1036 adhibebatur
1010 971 1126 1035 hoc
1147 969 1518 1055 significatu,
1554 970 1699 1054 quia
1737 969 1971 1035 milites
1990 970 2219 1053 partim
2250 989 2349 1036 nu
2367 991 2434 1037 m
2450 990 2516 1036 m
2534 987 2570 1036 ο
2586 990 2637 1049 S,

221 1071 442 1154 partim
485 1071 910 1137 victualia
967 1070 1190 1137 diversi
1248 1071 1495 1155 generis
1560 1070 1973 1155 accipiebant.
2061 1070 2504 1155 Metaphorice,
2566 1074 2638 1136 ut

217 1171 271 1235 h.
314 1172 355 1235 l.
401 1174 499 1236 cst
541 1172 717 1237 idem
778 1190 852 1237 ac
911 1190 1241 1240 merces,
1295 1208 1362 1219 —
1414 1172 1709 1251 „Donum
1762 1180 1963 1236 autem
2006 1171 2150 1252 Dei,
2215 1172 2346 1235 vita
2388 1180 2638 1237 aeterna

217 1271 278 1334 in
324 1270 562 1337 Christo
609 1272 784 1353 Jesu,
843 1273 1112 1337 Domino
1164 1278 1451 1353 nostro“‚·
1512 1274 1552 1338 i.
1603 1293 1654 1337 e.
1703 1274 1953 1354 donum,
2011 1275 2174 1357 quod
2214 1275 2380 1339 Deus
2440 1274 2636 1339 servis

220 1373 338 1437 suis
380 1372 672 1457 largitur,
719 1374 815 1439 est
856 1374 988 1440 vita
1032 1374 1299 1454 aeterna,
1364 1392 1550 1458 quam
1596 1375 1705 1440 dat
1746 1374 1813 1439 in
1854 1375 2079 1440 unione
2137 1378 2201 1440 et
2255 1394 2365 1458 per
2408 1374 2637 1440 merita

220 1471 366 1537 Jesu
413 1472 677 1553 Christi,
721 1474 976 1540 Domini
1035 1475 1251 1540 nostri.
1334 1471 1397 1539 S.
1446 1476 1765 1559 apostolus
1822 1475 1993 1541 loco:
2052 1495 2310 1541 merce
2332 1495 2362 1541 s
2386 1524 2401 1554 ,
2448 1492 2632 1559 quam

219 1575 396 1639 servis
438 1576 570 1641 suis
633 1576 820 1641 solvit
863 1576 1056 1657 DeuS,
1116 1576 1304 1641 dicit:
1364 1577 1456 1641 do
1476 1596 1658 1642 num
1678 1626 1695 1658 ,
1757 1577 1905 1660 quia
1961 1578 2169 1643 omnia
2227 1596 2413 1661 opera
2470 1577 2635 1643 bona

220 1676 549 1757 procedunt
595 1696 633 1741 a
676 1677 896 1761 grati
915 1695 989 1757 a,
1049 1676 1182 1743 sine
1240 1695 1361 1760 qua
1413 1695 1597 1762 opera
1638 1678 1803 1743 bona
1859 1678 2031 1744 nulla
2079 1678 2277 1743 facere
2320 1679 2552 1762 posset.
2586 1677 2635 1760 ¹)

1219 1895 1460 1998 caput
1510 1894 1645 1977 vn.

414 2080 1041 2165 Argumentum.
1129 2078 1308 2158 Quod
1380 2081 1695 2163 apostolus
1770 2098 1957 2164 supra
2016 2079 2102 2164 (6,
2170 2079 2299 2165 14.)
2364 2080 2638 2147 affirma-

221 2183 410 2259 verat,
473 2182 990 2248 christianos
1049 2198 1200 2245 non
1258 2199 1435 2245 esse
1493 2181 1633 2245 sub
1698 2182 1911 2265 lege,
1977 2182 2096 2247 hoc
2158 2200 2323 2247 nunc
2369 2181 2421 2247 it
2464 2200 2638 2266 pro-

221 2279 488 2347 batum
535 2284 624 2367 (v.
657 2281 889 2366 1—6.),
933 2284 997 2346 et
1031 2281 1252 2365 probat
1287 2281 1408 2346 hoc
1447 2282 1661 2347 modo:
1704 2282 1909 2347 Homo
1934 2283 2013 2346 ad
2036 2283 2201 2348 vitae
2242 2282 2368 2348 dies
2389 2286 2637 2349 tantum

222 2380 335 2465 legi
390 2384 486 2449 est
546 2384 873 2469 subjectus
929 2382 1012 2467 (v.
1059 2381 1177 2466 1.);
1239 2400 1426 2464 quam
1469 2383 1844 2448 sententiam
1904 2384 2181 2449 illustrat
2239 2386 2520 2468 exemplo
2567 2403 2640 2449 ex

225 2484 622 2549 connubio
668 2484 952 2549 desumto
998 2483 1084 2568 (v,
1127 2485 1188 2548 2.
1233 2484 1338 2567 3.).
1431 2483 1965 2551 Christianus
2008 2504 2154 2552 vero
2198 2486 2263 2551 in
2321 2486 2636 2570 baptismo

229 2584 561 2649 secundum
617 2588 892 2650 veterem
949 2584 1263 2651 hominem
1323 2584 1646 2671 (mystice)
1708 2605 1851 2651 cum
1899 2585 2144 2652 Christo
2201 2588 2481 2653 mortuus
2543 2591 2640 2653 est

227 2682 296 2764 (v.
338 2686 394 2750 4.
440 2686 565 2771 5.);
617 2704 760 2771 ergo
803 2705 840 2751 a
881 2685 1042 2769 legis
1075 2684 1349 2751 dominio
1384 2686 1447 2750 et
1481 2686 1906 2752 observatione
1943 2687 2241 2753 liberatus
2282 2691 2378 2753 est
2422 2688 2503 2773 (v.
2529 2688 2636 2773 6.).

406 2786 484 2852 V.
535 2786 594 2851 1.
640 2786 814 2866 „Aut
868 2786 1190 2871 iquos-atie,
1231 2785 1544 2870 fratres.“
1606 2788 1929 2852 Particula
1968 2786 2007 2869 ἡ
2055 2787 2217 2872 (aut)
2261 2789 2518 2872 respicit
2561 2790 2639 2853 ad

227 2882 376 2951 dicta
419 2889 480 2971 6,
532 2890 633 2953 14.
679 2906 844 2967 „non
889 2887 1056 2952 enim
1101 2887 1217 2952 sub
1261 2888 1440 2972 lege
1485 2888 1656 2967 estiS,
1717 2887 1828 2953 sed
1872 2888 1985 2954 sub
2028 2889 2337 2972 gratia3
2382 2890 2446 2954 et
2487 2906 2638 2972 apo-

229 2986 412 3052 stolus
456 2989 599 3056 vult
642 2988 876 3054 dicere:
939 2987 1082 3053 Non
1140 2988 1471 3072 negabitis,
1533 2989 1942 3054 christianum
2000 3007 2125 3055 non
2182 2989 2452 3074 amplius
2500 3008 2637 3054 esse

229 3086 332 3151 sub
390 3089 610 3175 lege,
681 3090 793 3155 sed
855 3089 972 3155 sub
1037 3089 1331 3173 gratia.
1394 3125 1478 3137 —
1543 3090 1637 3154 De
1692 3108 1871 3156 voce:
1941 3088 2196 3173 ἀδελφοὶ
2262 3090 2341 3155 cf.
2406 3091 2463 3169 1,
2536 3091 2633 3155 13.

227 3182 280 3252 S.
347 3191 666 3273 apostolus
725 3191 784 3256 h.
840 3191 903 3269 1.,
968 3208 1159 3273 quum
1219 3192 1294 3255 de
1354 3190 1803 3273 significatione
1861 3191 2021 3276 legis
2086 3192 2399 3257 Mosaicae
2465 3190 2636 3273 loqui

231 3289 369 3369 vult,
412 3292 930 3376 praeprimis
975 3292 1054 3357 ob
1099 3293 1308 3357 oculos
1366 3292 1556 3357 habet
1597 3292 2431 3358 Judaeo-christiano
2457 3310 2507 3357 S.
2555 3331 2638 3342 --

230 3387 394 3470 („A‹z
433 3414 535 3459 coe
577 3394 757 3474 enim,
801 3394 908 3479 qui
949 3392 1132 3478 leyem
1173 3402 1550 3479 coynpecunt,
1595 3392 1902 3479 loquor“),
1946 3395 1986 3460 i.
2035 3413 2084 3459 e.
2133 3394 2239 3477 qui
2288 3394 2449 3479 legis
2492 3394 2632 3461 Mo-

234 3490 420 3559 saicae
461 3496 644 3579 gnari
689 3496 849 3561 sunt.
919 3490 1100 3576 νόμος
1142 3497 1400 3577 utraque
1443 3494 1577 3560 vice
1623 3497 1801 3559 notat
1842 3496 2196 3561 universam
2240 3496 2447 3581 legem
2492 3496 2631 3563 Mo-

229 3591 459 3660 saicam.
529 3632 592 3643 -
666 3596 926 3682 „Leyem
981 3597 1051 3659 in
1108 3597 1403 3659 hominem
1459 3596 1792 3677 dominari,
1850 3598 2147 3683 quamdiu
2198 3597 2367 3662 vivat
2386 3598 2457 3662 Ψ(
2501 3601 2631 3665 scil.

226 3688 414 3759 homo.
483 3694 617 3761 Alii
661 3698 740 3762 ad
773 3698 1029 3763 verbum
1074 3696 1154 3781 ζῇ
1199 3697 1488 3781 supplent
1529 3695 1713 3778 νόμος
1755 3697 1927 3783 (lex),
1972 3700 2088 3766 hoc
2134 3719 2358 3765 sensu:
2398 3700 2633 3785 Legem

228 3788 287 3855 in
323 3794 639 3862 hominem
699 3797 1022 3877 dominari,
1093 3799 1388 3882 quamdiu
1429 3799 1528 3863 lex
1573 3798 1760 3882 viget.
1850 3798 1975 3865 Sed
2017 3820 2235 3867 versus
2287 3804 2634 3884 sequenteS,

227 3898 584 3979 praeprimis
630 3918 685 3963 v.
732 3900 817 3978 4.‚
864 3900 1202 3983 postulant,
1269 3902 1341 3964 ut
1406 3900 1483 3965 ad
1545 3898 1582 3971 ζ
1583 3904 1626 3981 ᾗ
1668 3902 2028 3985 suppleatur
2070 3900 2430 3984 ἀνθρωποςς
2499 3902 2641 3966 dein

233 3992 408 4061 etiam
449 3999 796 4083 tautologia
838 4001 1105 4079 adesset,
1153 4000 1208 4065 si
1249 3998 1432 4080 νόμος
1471 4001 1811 4084 suppletur.
2125 4079 2129 4083 ¹

424 4100 499 4165 V.
547 4101 604 4165 2.
652 4148 692 4179 „
700 4101 874 4165 Nam
913 4100 1133 4165 mulier
1174 4102 1495 4181 maritata,
1551 4092 1778 4166 adventi
1820 4103 1954 4167 viro
1999 4102 2121 4188 leye
2164 4102 2449 4167 obsimicta
2492 4106 2640 4166 cst.“

231 4191 395 4271 Quod
430 4201 601 4284 prius
644 4199 727 4284 (v.
761 4201 848 4287 1.)
893 4202 1063 4281 dixit,
1111 4220 1273 4267 nunc
1314 4202 1470 4268 illu
1489 4205 1713 4267 strat
1756 4204 2034 4287 exemplo
2080 4204 2363 4270 mulieris
2384 4206 2635 4288 nuptae.

231 4292 554 4385 comparat
633 4303 834 4387 legem
899 4301 1240 4368 Mosaicam
1307 4320 1452 4369 cum
1516 4303 1715 4387 ipsius
1785 4305 2097 4371 mandatis
2167 4306 2231 4371 et
2295 4305 2641 4372 interdictis

437 4520 472 4583 ¹)
507 4518 590 4577 Of.
629 4518 840 4577 Concil.
875 4519 1024 4575 Trid.
1061 4535 1189 4576 sess.
1225 4521 1272 4575 6.
1310 4534 1357 4575 ο.
1391 4520 1474 4575 16.
2346 4606 2386 4673 7
2405 4605 2445 4648 ἡ.
