3234 4992
1188 288 1304 340 Gap.
1332 285 1388 329 V.
1414 295 1459 329 v.
1486 283 1639 326 18-19
2548 287 2632 353 85

215 474 535 562 participes
575 475 727 541 facti
765 478 910 542 sunt
953 476 1211 560 peccati.
1260 512 1338 523 —
1383 470 1506 539 Sed
1547 473 1665 538 hoc
1702 470 1921 539 mortis
1946 470 2288 537 dominium
2314 490 2361 537 s.
2388 471 2625 539 Paulus

214 582 494 660 tanquam
542 577 1090 661 praeteritum
1128 576 1520 661 (ἐβασίλευσε)
1544 577 1753 652 notat3
1798 573 2026 659 partim
2050 572 2195 657 quia
2239 572 2627 641 Christus

213 678 451 742 initium
498 681 564 742 et
609 677 745 742 fons
785 695 976 743 novae
999 677 1162 743 vitae
1199 679 1360 761 jam
1405 675 1792 761 apparuit
1836 675 1901 739 et
1919 692 2056 740 sese
2074 674 2320 739 Adamo
2342 677 2627 759 peccanti

213 778 523 861 opposuit3
571 778 799 863 partim
845 779 990 861 quia
1030 780 1094 844 in
1138 779 1292 857 illis,
1338 778 1443 861 qui
1487 779 1635 843 sunt
1679 775 1931 854 Christi,
1978 792 2170 840 nexus
2207 793 2353 841 cum
2374 776 2623 843 Adamo

209 880 384 943 veteri
421 878 561 963 jam
608 880 923 963 disruptus
971 882 1066 945 est
1125 883 1311 963 atque
1357 879 1453 943 illi
1496 878 1760 943 mortem
1801 876 1935 960 jam
1980 875 2361 956 devicerunt,
2430 895 2623 961 quum

208 998 450 1062 germen
495 998 690 1045 novae
735 984 796 1044 et
840 983 1126 1046 aeternae
1185 980 1348 1046 vitae
1406 980 1542 1064 jam
1610 979 1674 1043 in
1733 997 1799 1045 se
1867 978 2283 1060 susceperint,
2350 979 2513 1061 quod
2558 978 2624 1044 in

208 1080 378 1145 beata
419 1081 870 1146 resurrectione
915 1083 992 1146 ad
1036 1081 1465 1146 maturitatem
1510 1079 1843 1164 perveniet.

387 1182 460 1246 V.
514 1183 614 1247 18.
661 1182 927 1266 „spitum
970 1183 1124 1246 sicut
1153 1204 1273 1268 per
1314 1182 1498 1246 unius
1540 1180 1826 1244 delictum
1867 1180 1935 1244 in
1978 1200 2179 1243 omnes
2242 1179 2507 1244 homines
2549 1180 2619 1245 in

209 1281 748 1347 condemnationem
760 1306 783 1363 ‚·
841 1282 933 1345 ita
975 1292 1034 1345 et.
1059 1305 1180 1368 per
1221 1284 1405 1347 uotiua
1448 1283 1767 1373 justitiam
1829 1282 1897 1345 in
1962 1302 2163 1346 omnes
2224 1281 2489 1349 hmines
2550 1283 2619 1346 in

194 1383 677 1471 justificationem
718 1384 940 1449 vitae“.
985 1376 1070 1431 -'-
1112 1384 1232 1449 Hic
1276 1403 1455 1462 nunc,
1523 1383 1668 1467 post
1730 1384 1982 1469 longam
2046 1382 2475 1466 parenthesin,
2545 1382 2611 1447 in

211 1501 316 1565 qua
354 1484 686 1549 institutae
730 1486 1210 1569 comparationis
1277 1487 1580 1570 quasdam
1644 1485 1911 1550 ostendit
1974 1484 2387 1568 disparitateS,
2455 1485 2618 1551 redit

209 1585 275 1647 ad
317 1584 395 1664 id,
442 1586 612 1669 quod
655 1604 713 1650 v.
743 1586 842 1650 12.
870 1586 1199 1669 inceperat.
1247 1586 1344 1651 Ibi
1369 1587 1637 1669 incepit3
1687 1590 2133 1670 propterea
2175 1586 2391 1652 sicut
2434 1590 2614 1665 etc..,

209 1684 320 1749 hic:
378 1686 682 1771 igitur,
750 1687 1002 1765 sicut,
1070 1689 1107 1753 i.
1157 1707 1207 1752 6.
1255 1689 1420 1753 sicut
1459 1707 1569 1771 per
1634 1686 1871 1752 unius
1936 1686 2221 1772 (Adami)
2285 1688 2613 1771 peccatum

202 1784 483 1866 Judicium
530 1787 629 1874 (τὸ
669 1795 843 1871 κρῖμα
888 1809 956 1853 ex
1022 1809 1076 1854 v.
1128 1790 1258 1874 16.)
1303 1790 1382 1854 ad
1447 1790 2221 1855 condemnationem
2288 1788 2458 1853 venit
2500 1808 2611 1855 seu

210 1888 544 1967 pertransiit
589 1892 675 1956 in
721 1910 995 1957 omnes
1039 1891 1404 1956 homines
1450 1928 1524 1936 --
1573 1891 1664 1955 ita
1701 1909 1811 1974 per
1853 1890 2089 1956 unius
2132 1888 2417 1975 (Christi)
2453 1892 2615 1957 recte

207 1986 419 2054 facimm
481 1992 549 2057 in
614 2011 884 2058 omnes
946 1991 1244 2057 homin
1271 2010 1357 2055 es
1420 1992 1673 2056 transiit
1729 1991 1976 2075 justitia
2040 1990 2175 2075 (seu
2229 1990 2611 2074 justificat10‚

208 2086 445 2169 χάρισμα
466 2094 604 2159 6611.
633 2113 689 2158 ν.
720 2092 864 2178 16.),
890 2111 1046 2176 quae
1083 2095 1368 2176 operatur
1409 2092 1669 2157 vitam
1714 2096 2139 2157 aeternam.
2191 2128 2265 2139 -—
2312 2092 2613 2158 Nonnulli

207 2194 439 2274 utroque
481 2195 622 2261 loco
664 2193 737 2256 δι’
787 2198 932 2270 ἑνος,
991 2194 1134 2277 quia
1175 2194 1469 2258 articulus
1522 2198 1631 2255 τοῦ
1692 2195 1868 2259 deest
1928 2197 2072 2260 ante
2138 2198 2285 2272 ἑνος,
2354 2196 2613 2258 sumunt

210 2297 468 2361 neutro
525 2315 790 2381 genere:
849 2316 991 2380 per
1032 2314 1265 2361 unum
1333 2295 1763 2374 delictum,
1830 2297 1923 2361 et:
1984 2315 2091 2380 per
2142 2314 2382 2361 unum
2444 2297 2613 2361 recte

207 2388 434 2461 factum.
517 2397 643 2463 Sed
688 2398 848 2482 prior
891 2398 1212 2481 explicatio
1257 2400 1352 2462 est
1396 2398 1812 2481 praeferenda,
1859 2414 2047 2480 quam
2091 2398 2282 2462 etiam
2326 2395 2603 2481 Vulgata

208 2496 469 2579 sequitur,
517 2499 666 2582 quia
707 2499 1083 2582 praegressis
1129 2498 1209 2583 (V.
1261 2498 1386 2583 17.)
1431 2500 1656 2564 melius
1702 2500 2004 2583 congruit.
2052 2497 2344 2564 Ceterum
2386 2516 2605 2564 sensus

208 2591 262 2655 in
299 2596 644 2665 substantia
687 2616 811 2665 non
855 2600 1150 2664 mutatur.
1199 2637 1273 2645 -
1321 2602 1611 2680 δικαίωμα
1656 2600 1714 2665 h.
1761 2601 1804 2664 l.
1850 2618 1920 2665 eo
1966 2599 2319 2683 significatu
2362 2602 2458 2664 est
2504 2618 2609 2664 su-

210 2698 497 2781 mendum,
514 2719 636 2784 quo
653 2701 906 2766 denotat
929 2720 1004 2765 re
1025 2703 1153 2764 cte
1181 2700 1406 2764 factu
1425 2721 1489 2765 m
1515 2700 1901 2785 (Rechtthat,
1921 2701 2206 2784 gerechte
2218 2700 2606 2784 Handlung)‚

207 2798 292 2860 vel
328 2802 416 2866 uti
459 2803 739 2885 Vulgata
778 2801 1004 2866 habet:
1043 2800 1504 2884 justitiam3
1566 2801 1769 2885 poscit
1811 2802 1933 2867 hoc
1976 2801 2320 2880 antithesis»,
2377 2800 2442 2865 in
2488 2818 2609 2883 qua

207 2899 453 2977 positum
499 2904 598 2969 est
640 2921 784 2967 cum
827 2920 1190 2987 praegresso
1233 2899 1708 2984 παραπτώματος
1741 2902 1815 2967 de
1852 2902 2098 2967 Adamo
2142 2901 2453 2978 adhibito;
2498 2917 2609 2984 po-

207 3000 376 3065 stulat
413 3004 475 3068 id
521 3021 701 3088 porro
747 3003 937 3067 etiam
982 3023 1036 3068 v.
1089 3004 1207 3082 19.‚
1268 3004 1375 3069 ubi
1433 3004 1720 3088 respectu
1763 3002 1995 3068 Adami
2054 3020 2165 3087 pro
2229 2999 2609 3083 παράπτωμα

204 3101 378 3177 posita
419 3106 518 3170 est
560 3102 833 3186 καρακοή
879 3108 942 3169 et
985 3109 1269 3189 respectu
1311 3105 1541 3171 Christi
1582 3124 1693 3190 pro
1748 3108 2041 3186 δικαίωμα
2088 3105 2317 3187 legitur
2360 3102 2607 3184 ὑπακοή.

203 3197 595 3289 Intelligenda
617 3207 825 3271 autem
851 3210 948 3273 est
969 3226 1078 3290 per
1098 3212 1391 3288 δικαίωμα
1436 3226 1602 3273 mor
1623 3228 1652 3272 s
1687 3206 2037 3284 Christi,
2084 3224 2239 3287 quae
2264 3209 2396 3271 erat
2418 3206 2602 3272 docu-

204 3306 461 3371 mentum
515 3326 869 3372 summae
915 3307 1318 3390 obedientiae,
1380 3313 1564 3392 atque
1607 3326 1677 3372 eo
1736 3308 1873 3391 ipso
1918 3326 2203 3372 summus
2246 3309 2424 3372 actus
2473 3324 2607 3373 mo-

203 3402 346 3470 ralis.
369 3442 446 3456 —-
471 3408 673 3473 Dicit:
712 3408 775 3472 in
800 3428 1070 3473 omnes
1107 3409 1469 3475 homines
1506 3411 1568 3473 in
1585 3407 2111 3492 justificationem,
2157 3408 2304 3491 quia
2340 3408 2466 3492 obj
2489 3427 2605 3474 ec-

202 3500 352 3569 tive
395 3510 457 3574 et
497 3513 802 3592 quantum
847 3510 925 3575 ad
962 3529 1000 3575 v
1020 3511 1154 3575 olu
1179 3530 1219 3575 n
1239 3511 1405 3575 tate
1425 3530 1487 3575 m
1525 3509 1804 3575 Christus
1850 3508 2025 3574 illam
2070 3526 2181 3574 suo
2216 3508 2604 3575 obedientiae

205 3606 477 3675 sacrificio
555 3610 842 3675 omnibus
921 3609 1277 3675 hominibus
1343 3612 1700 3693 promeruit.
1766 3648 1842 3658 —-
1906 3616 1991 3682 εἰς
2046 3614 2348 3673 δικαίωσιν
2408 3610 2606 3693 ζωῆς,·

202 3705 486 3781 genitivus
530 3710 699 3791 ζωῆς
743 3713 840 3775 est
897 3711 1206 3793 genitivus
1271 3712 1438 3776 effe
1459 3716 1673 3791 etue,
1742 3730 1886 3797 ergo
1950 3713 2016 3777 in
2073 3713 2604 3797 justificationem,

205 3817 339 3881 quae
367 3810 588 3877 liberat
624 3831 661 3876 a
697 3813 895 3875 morte
929 3814 993 3875 et
1024 3812 1188 3876 vitae
1231 3814 1516 3877 aeternae
1555 3813 1921 3897 participem
1944 3814 2095 3880 facit
2133 3815 2472 3880 hominem.
2522 3850 2599 3861 —-

204 3899 339 3971 Post
377 3918 458 3983 εἰς
498 3909 821 3993 κατάκριμα
865 3913 927 3977 et
967 3915 1264 3975 δικαίωσιν
1309 3912 1347 3985 ζ
1350 3918 1472 3995 roife
1513 3915 1928 3999 supplendum
1972 3916 2070 3980 est
2112 3916 2346 3997 ἐγένετο.

388 4012 460 4080 V.
511 4014 608 4102 19.
655 4012 874 4093 „Sicut
916 4014 1073 4077 enim
1105 4036 1224 4099 per
1265 4015 1737 4079 inobedientiam
1777 4017 1961 4081 unius
1980 4017 2239 4081 hominis
2255 4026 2606 4103 peccatores

208 4112 494 4179 constituti
533 4124 673 4178 sunt
713 4113 925 4195 malti;
967 4116 1060 4179 ita
1102 4117 1284 4179 etiam
1316 4138 1434 4201 per
1477 4116 1879 4181 obedientiam
1920 4118 2102 4181 unius
2127 4119 2292 4207 justi
2327 4118 2606 4183 constita-

207 4216 360 4274 entm-
398 4215 637 4280 mnlti“.
716 4215 916 4281 Versu
959 4216 1073 4281 hoc
1117 4217 1392 4283 declarat
1436 4236 1546 4283 seu
1614 4219 1945 4302 exponit
1988 4217 2124 4303 (γὰρ
2168 4220 2265 4283 est
2307 4219 2368 4284 h.
2414 4221 2453 4285 l.
2502 4238 2605 4297 ex-.

206 4306 589 4402 plicativum),
657 4317 803 4400 quid
845 4316 1215 4382 intellexerit
1276 4337 1387 4401 per
1448 4319 1636 4384 illud:
1703 4318 1778 4379 δι’
1849 4324 1978 4392 §voc
2019 4318 2496 4404 παραπτώματος
2540 4328 2604 4389 et

211 4408 336 4486 qnid
375 4436 512 4501 per:
577 4416 654 4479 δι’
701 4422 828 4488 {voc
871 4416 1284 4500 δικαιώματος,
1331 4424 1394 4485 et
1439 4424 1829 4505 quomodo
1895 4425 2324 4492 condemnatio
2368 4426 2432 4491 et
2474 4426 2605 4493 vita

213 4505 286 4590 (v.
332 4516 452 4606 18.)
497 4518 578 4586 ab
623 4520 742 4588 hoc
785 4521 1016 4606 duplici
1061 4522 1202 4587 actu
1243 4522 1565 4609 utriusque
1607 4524 1882 4603 parentis
1924 4526 1990 4591 in
2048 4545 2263 4600 omnes
2327 4528 2605 4605 homines
