3234 4992
1175 249 1286 303 cap.
1311 251 1392 294 lx.
1416 261 1462 293 v.
1490 252 1657 293 1‘1—18.
2514 255 2635 319 159

406 433 482 499 V.
514 436 614 500 17.
664 434 881 514 „Dicit
921 436 1080 499 enim
1106 436 1415 522 scriptura
1444 436 1806 502 Pharaoni:
1856 437 1947 504 Ob
1990 438 2094 502 hoc
2138 439 2338 523 {psum
2370 439 2635 500 effluimus*

213 539 318 598 τοί(
359 535 592 601 Dicit
641 537 1071 620 scriptura
1115 540 1213 602 est
1242 539 1659 623 metonymice
1701 540 1940 605 dictum
1978 557 2085 623 pro
2130 543 2326 619 Dee,
2374 541 2474 623 qui
2522 563 2631 623 per

212 637 417 701 Mosen
461 638 527 701 in
575 640 888 723 scriptura
929 640 1203 723 loquitur
1246 641 1354 724 (cf.
1382 640 1519 707 Gal.
1548 644 1605 720 3,
1644 643 1750 724 8.).
1800 678 1877 689 -
1925 640 2130 707 Incise
2178 643 2290 707 hee
2338 643 2534 723 preb
2558 647 2639 703 st

213 759 253 801 S.
300 740 620 821 apostolus
681 741 763 819 id,
829 741 991 823 quod
1049 760 1106 807 v.
1157 742 1252 806 15.
1321 743 1629 826 implicite
1691 744 2043 807 continetur
2106 751 2166 803 et
2234 743 2631 823 signifiestur,

213 839 438 903 scilicet
498 840 745 919 Deum,
811 841 972 906 sicut
1033 844 1305 925 gratuito
1371 844 1818 908 miseretur
1884 841 2250 927 indigui,
2318 843 2406 907 its
2450 861 2631 923 pesse

211 940 390 1005 etiam
451 960 605 1007 non
667 943 1042 1007 misereri
1099 944 1466 1027 peccatoriS,
1525 946 1670 1027 quia
1714 945 1769 1009 ei
1814 962 1937 1009 non
1982 945 2150 1008 deest
2198 943 2450 1023 medus,
2514 963 2635 1024 que

211 1060 273 1104 ex
312 1042 474 1106 malo
526 1042 773 1109 bonum
833 1043 1039 1109 faciat.
1091 1082 1162 1092 —
1215 1045 1493 1110 Citatum
1553 1046 1671 1110 hoc
1728 1045 2130 1127 desumptum
2194 1051 2290 1107 est
2350 1063 2418 1107 es
2478 1047 2635 1107 libre

210 1140 447 1208 Exodi
495 1145 584 1227 (9,
639 1146 806 1229 16.);
877 1146 985 1209 sed
1028 1147 1344 1228 apostolus
1402 1148 1559 1213 illud
1624 1147 1805 1229 paulo
1865 1147 2046 1210 aliter
2102 1147 2382 1219 eddueit,
2450 1167 2635 1227 quum

212 1244 360 1325 apud
403 1244 826 1329 Septuaginta
870 1246 1128 1329 legitur;
1187 1266 1334 1312 nam
1377 1248 1444 1312 hi
1487 1250 1654 1313 loco:
1721 1252 1805 1321 εἰς
1845 1245 1992 1310 αὐτὸ
2039 1251 2214 1307 tuere
2262 1243 2526 1327 ἐξῇγεεψὲ
2570 1267 2635 1307 es

209 1342 458 1409 habent:
521 1349 708 1408 ἕνεκεν
750 1345 968 1409 τούτου
1010 1347 1368 1430 διετηρήθης
1411 1351 1685 1434 (propter
1729 1350 1845 1414 hoc
1904 1351 2458 1414 conservatus
2522 1367 2634 1427 es,

212 1445 334 1508 scil.
382 1446 680 1532 in·vita).
760 1450 834 1513 In
878 1453 1108 1514 textu
1151 1451 1506 1517 hebraeo
1552 1451 1781 1533 legitur
1825 1451 2025 1515 forma
2066 1450 2362 1531 Hiphil
2426 1451 2631 1515 verbi:

214 1548 430 1611 amad
475 1549 813 1633 (stetit),
876 1551 1038 1633 quod
1080 1551 1145 1615 in
1188 1551 1408 1635 Hiphil
1453 1553 1737 1617 denotat:
1796 1552 2126 1617 consistere
2173 1551 2402 1627 faeere,
2466 1555 2635 1615 ineu-

216 1646 442 1712 lumem
478 1668 753 1728 servare,
789 1669 1145 1716 conservare
1175 1653 1240 1716 in
1271 1653 1417 1721 vita.
1463 1653 1642 1733 Quod
1664 1653 1800 1736 jam
1835 1653 2059 1717 attinet
2098 1671 2390 1735 grasse
2430 1651 2635 1728 rerba,

213 1765 350 1827 quae
392 1749 451 1813 h.
500 1750 542 1813 l.
587 1750 756 1834 apud
813 1770 860 1815 s.
907 1752 1177 1816 Paulum
1221 1755 1547 1837 leguntur,
1606 1754 1719 1818 illa
1778 1772 1815 1818 a
1860 1753 2118 1818 diversis
2186 1755 2631 1835 interpretibus

217 1846 618 1924 diversimode
667 1852 1070 1935 explicantur.
1158 1854 1364 1917 Alii:
1429 1854 1724 1919 constitui
1770 1857 1833 1918 te
1873 1873 2122 1937 regem:
2166 1855 2346 1915 alii:
2398 1855 2635 1919 servavi

213 1946 266 2009 te
304 1948 365 2012 in
408 1951 572 2029 vita3
621 1951 806 2017 alii:
851 1954 1052 2018 creavi
1076 1953 1165 2031 te;
1215 1955 1398 2020 alii:
1444 1956 1626 2038 posui
1651 1959 1713 2019 et
1734 1954 2049 2038 assumpsi
2085 1959 2150 2019 te
2194 1959 2262 2019 ut
2310 1955 2626 2019 huminem

218 2047 356 2129 (scil.
403 2053 483 2117 ad
523 2054 666 2132 hoc,
713 2054 802 2117 ut
845 2054 1232 2119 ostenderem
1252 2055 1420 2139 etc).
1467 2055 1886 2121 Aliiverba:
1931 2051 2194 2137 ἐξήγειρά
2238 2075 2302 2115 ss
2350 2055 2631 2131 reddunt,

215 2150 295 2212 uti
335 2151 523 2219 habet
554 2154 950 2238 Vulgata:
997 2157 1358 2221 excitavi
1402 2160 1508 2236 te,
1561 2158 1745 2241 atque
1788 2157 1899 2221 illa
1942 2157 2019 2223 ob
2064 2177 2122 2223 v,
2170 2159 2290 2239 lit,
2338 2159 2446 2223 ubi
2498 2159 2631 2219 leue

214 2247 383 2332 thus
405 2256 580 2321 verbi
616 2256 846 2339 legitur
887 2254 1218 2339 σκληρύνειν
1239 2258 1614 2341 (obdurare),
1663 2277 1807 2323 cum
1829 2258 2142 2323 nonnullis
2190 2259 2631 2339 interpretibus

215 2354 465 2435 antiquis
509 2358 604 2423 ita
650 2357 990 2441 explicant:
1058 2359 1313 2424 excitavi
1358 2363 1450 2439 te,
1515 2360 1649 2424 scil.
1698 2358 1777 2424 ad
1833 2360 2246 2423 resistendum
2294 2359 2482 2435 mihi,
2558 2363 2635 2423 ad

217 2453 636 2536 pervicaciam,
682 2459 778 2523 uti
812 2460 948 2543 jam
996 2478 1043 2524 s.
1091 2460 1623 2543 Augustinus
1667 2460 1897 2525 habet:
1951 2460 2206 2525 excitari
2250 2463 2334 2539 te,
2382 2463 2450 2523 nt
2494 2479 2631 2543 per-

218 2550 470 2622 vicacius
530 2560 877 2625 resisteres,
925 2602 1007 2616 -
1053 2559 1374 2640 Quomodo
1435 2562 1519 2626 sit
1578 2561 1643 2626 id
1686 2561 2198 2644 intelligendum,
2266 2563 2418 2623 eenf.
2470 2563 2635 2623 dieta

222 2668 266 2713 V.
311 2655 400 2720 18.
445 2694 531 2706 —
576 2708 616 2740 „
637 2662 718 2727 Ut
770 2662 1082 2726 ostendam
1141 2662 1209 2724 in
1267 2671 1321 2724 te
1379 2663 1661 2725 virtutem
1719 2673 1936 2743 meam,
1996 2671 2051 2725 et
2106 2671 2174 2723 itt
2234 2663 2635 2723 runnu-resistite*

218 2773 408 2822 nomen
450 2784 651 2827 meum
694 2765 762 2827 in
803 2766 1093 2828 universa
1137 2770 1367 2827 terra.“
1451 2765 1645 2830 Hisce
1689 2765 1892 2829 verbis
1936 2764 2198 2839 indicat,
2266 2767 2326 2827 in
2382 2783 2418 2843 q
2442 2783 2482 2827 u
2510 2783 2538 2827 e
2570 2783 2631 2827 111

221 2852 457 2926 finem
503 2864 728 2949 (ὅπως)
771 2866 941 2931 Deus
985 2867 1370 2931 Pharaonem
1423 2866 1771 2931 incitaverit
1829 2866 1908 2930 ad
1950 2866 2386 2930 resistendum.
2454 2863 2626 2927 Finis

224 2960 340 3021 erat
377 2960 496 3045 hic,
559 2970 633 3032 ut
678 2967 744 3031 in
802 2986 1149 3051 persona
1191 2968 1657 3033 Pharaonis
1719 2968 1885 3032 Deus
1930 2987 2039 3049 per
2081 2967 2282 3031 multe
2326 2967 2631 3047 stupenda

223 3058 276 3118 et
313 3059 614 3131 horrenda
658 3068 961 3132 miracula
1003 3068 1084 3132 ad
1110 3068 1475 3133 vincendam
1527 3070 1659 3152 ejus
1685 3053 2114 3153 pervicaciam,
2162 3087 2282 3151 que
2326 3067 2622 3151 pepuiuuu

220 3154 391 3228 Israel
434 3167 509 3231 de
554 3172 722 3233 terra
764 3187 875 3233 sua
920 3169 1234 3234 dimittere
1279 3170 1600 3249 recusavit,
1658 3170 2002 3252 potentiam
2050 3188 2230 3234 sueni
2278 3171 2366 3251 (et
2414 3167 2627 3251 singu-

222 3256 398 3329 larem
464 3269 912 3351 protectionem
979 3289 1126 3353 erga
1184 3271 1493 3353 *populum
1558 3271 1781 3354 Israel)
1850 3270 2214 3347 ostenderet,
2286 3275 2470 3351 etque
2538 3271 2631 3331 ite.

220 3375 424 3430 nomen
482 3389 668 3436 suum
728 3371 968 3435 celebre
1025 3371 1198 3435 fieret
1255 3372 1320 3435 in
1365 3375 1494 3437 toto
1553 3375 1859 3436 terrarum
1920 3372 2084 3436 orbe.
2178 3371 2350 3451 Queri
2418 3391 2631 3435 revere,

222 3456 435 3531 factum
503 3479 616 3535 est.
709 3470 875 3535 Nam
956 3471 1252 3536 liberatus
1330 3473 1426 3555 (ex
1506 3471 1802 3537 servitute
1870 3461 2282 3555 Aegyptieea)
2362 3475 2626 3555 pupulus

221 3556 403 3631 Israel
438 3571 864 3636 annunciabat
892 3571 1120 3654 ubique
1167 3575 1229 3635 et
1263 3591 1373 3654 per
1417 3574 1626 3638 omnia
1657 3575 1905 3639 saecula
1938 3573 2178 3639 facturn
2226 3591 2370 3639 sune
2402 3575 2626 3639 libere-

222 3659 389 3730 tionis
449 3672 860 3737 miraculosae
904 3691 1014 3755 per
1074 3691 1386 3737 manum
1448 3677 1876 3757 potentem
1935 3675 2102 3757 (Act.
2158 3675 2226 3751 Τ,
2286 3675 2438 3759 35),
2486 3675 2618 3739 seii,

219 3757 347 3828 Filii
393 3769 506 3837 Dei
552 3774 698 3857 (τοῦ
732 3770 964 3855 λόγου);
1030 3774 1315 3838 interitus
1376 3792 1516 3838 vero
1575 3775 1954 3854 Pharaonis,
2018 3779 2250 3839 relatus
2314 3775 2506 3839 etiem
2562 3779 2626 3839 iu

220 3858 391 3933 libros
433 3872 764 3939 historicos
810 3873 1182 3941 Graecorum
1242 3879 1306 3939 et
1347 3876 1809 3955 Romanorum,
1878 3895 2102 3943 nomen
2150 3875 2438 3951 Durnini,
2502 3875 2631 3939 veri

224 3960 349 4045 Dei,
413 3975 691 4042 terribile
757 3979 820 4039 et
886 3977 1232 4042 venerabile
1289 3977 1589 4056 reddidit,
1652 3978 1794 4042 inde
1856 3998 1893 4043 a
1953 3998 2198 4044 sumtus
2262 3979 2631 4059 antiquitate

222 4077 397 4148 usque
440 4076 519 4140 ad
561 4076 928 4141 hodiernum
974 4077 1140 4141 diem
1187 4078 1250 4141 et
1290 4096 1488 4160 usque
1533 4078 1612 4142 ad
1657 4078 1847 4143 finem
1895 4080 2154 4143 dierum,

408 4172 479 4240 V.
532 4178 627 4241 18.
676 4177 888 4263 „Erqo
945 4181 1118 4268 cujus
1158 4176 1322 4257 vult,
1380 4178 1733 4259 miseretur,
1795 4188 1851 4243 et
1892 4201 2064 4265 quem
2126 4179 2254 4239 enit
2310 4175 2626 4239 iricius-«siff

229 4259 419 4337 Verba
472 4276 625 4343 haec
689 4282 836 4344 sunt
893 4279 1326 4344 conclusio
1375 4300 1445 4344 ex
1488 4281 1793 4363 prioribus
1840 4282 2026 4364 (v.·v.
2077 4283 2170 4343 le.
2222 4283 2286 4343 et
2334 4279 2478 4363 ΠΩ),
2542 4279 2626 4343 its

226 4361 445 4454 tamen,
506 4380 577 4443 ut
619 4379 786 4461 prior
827 4398 971 4462 pars
1017 4398 1230 4444 versus
1287 4381 1474 4464 hujus
1533 4400 1598 4446 se
1640 4381 1868 4447 referat
1925 4381 2005 4445 ad
2048 4399 2102 4444 v.
2158 4379 2234 4443 15
2282 4385 2342 4443 et
2386 4399 2442 4443 r.
2494 4383 2626 4455 164

224 4473 499 4543 Posterior
543 4498 683 4545 vero
727 4481 807 4545 ad
852 4500 904 4545 v.
942 4482 1038 4546 17.
1084 4517 1168 4528 -
1212 4480 1278 4543 όν
1322 4482 1504 4559 θέλει,
1550 4484 1722 4560 ἐλεεῖς
1769 4483 1849 4547 ad
1892 4482 2053 4544 θέλει
2098 4487 2194 4547 est
2238 4483 2626 4547 addendum:
