<?xml version="1.0" encoding="UTF-8"?>
<!DOCTYPE html PUBLIC "-//W3C//DTD XHTML 1.0 Transitional//EN"
    "http://www.w3.org/TR/xhtml1/DTD/xhtml1-transitional.dtd">
<html xmlns="http://www.w3.org/1999/xhtml" xml:lang="en" lang="en">
 <head>
  <title>
</title>
<meta http-equiv="Content-Type" content="text/html;charset=utf-8" />
  <meta name='ocr-system' content='tesseract 3.04.00' />
  <meta name='ocr-capabilities' content='ocr_page ocr_carea ocr_par ocr_line ocrx_word'/>
</head>
<body>
  <div class='ocr_page' id='page_1' title='image "./commentariusine00klofgoog_0219.png"; bbox 0 0 3234 4992; ppageno 0'>
   <div class='ocr_carea' id='block_1_1' title="bbox 1303 234 2756 303">
    <p class='ocr_par' dir='ltr' id='par_1_1' title="bbox 1303 234 2756 303">
     <span class='ocr_line' id='line_1_1' title="bbox 1303 234 2756 303; baseline 0 -24"><span class='ocrx_word' id='word_1_1' title='bbox 1303 234 1414 290; x_wconf 65' lang='lat' dir='ltr'>cap.</span> <span class='ocrx_word' id='word_1_2' title='bbox 1439 236 1569 279; x_wconf 87' lang='lat' dir='ltr'>xm.</span> <span class='ocrx_word' id='word_1_3' title='bbox 1592 246 1641 278; x_wconf 81' lang='lat' dir='ltr'>v.</span> <span class='ocrx_word' id='word_1_4' title='bbox 1664 236 1783 280; x_wconf 66' lang='lat' dir='ltr'>s-r.</span> <span class='ocrx_word' id='word_1_5' title='bbox 2627 235 2756 303; x_wconf 81' lang='lat'>215</span> 
     </span>
    </p>
   </div>
   <div class='ocr_carea' id='block_1_2' title="bbox 265 420 2753 4579">
    <p class='ocr_par' dir='ltr' id='par_1_2' title="bbox 298 420 2753 1521">
     <span class='ocr_line' id='line_1_2' title="bbox 312 420 2753 509; baseline 0 -22"><span class='ocrx_word' id='word_1_6' title='bbox 312 423 516 501; x_wconf 85' lang='lat' dir='ltr'>„Non</span> <span class='ocrx_word' id='word_1_7' title='bbox 581 421 738 485; x_wconf 88' lang='lat' dir='ltr'>enim</span> <span class='ocrx_word' id='word_1_8' title='bbox 807 422 935 485; x_wconf 85' lang='lat' dir='ltr'>sine</span> <span class='ocrx_word' id='word_1_9' title='bbox 998 444 1190 486; x_wconf 82' lang='lat' dir='ltr'>causa</span> <span class='ocrx_word' id='word_1_10' title='bbox 1251 421 1530 508; x_wconf 73' lang='lat' dir='ltr'>yladium</span> <span class='ocrx_word' id='word_1_11' title='bbox 1579 432 1799 509; x_wconf 76' lang='lat' dir='ltr'>portat</span> <span class='ocrx_word' id='word_1_12' title='bbox 1814 428 1879 504; x_wconf 83' lang='lat'>;“</span> <span class='ocrx_word' id='word_1_13' title='bbox 1946 423 1984 486; x_wconf 89' lang='lat' dir='ltr'>i.</span> <span class='ocrx_word' id='word_1_14' title='bbox 2035 442 2083 487; x_wconf 91' lang='lat' dir='ltr'>e.</span> <span class='ocrx_word' id='word_1_15' title='bbox 2129 440 2277 486; x_wconf 86' lang='lat' dir='ltr'>nam</span> <span class='ocrx_word' id='word_1_16' title='bbox 2340 440 2463 486; x_wconf 91' lang='lat' dir='ltr'>non</span> <span class='ocrx_word' id='word_1_17' title='bbox 2521 420 2753 487; x_wconf 74' lang='lat' dir='ltr'>frustra</span> 
     </span>
     <span class='ocr_line' id='line_1_3' title="bbox 313 519 2749 609; baseline -0.001 -21"><span class='ocrx_word' id='word_1_18' title='bbox 313 524 605 608; x_wconf 86' lang='lat' dir='ltr'>gladium</span> <span class='ocrx_word' id='word_1_19' title='bbox 651 528 878 605; x_wconf 87' lang='lat' dir='ltr'>portat,</span> <span class='ocrx_word' id='word_1_20' title='bbox 949 524 1056 588; x_wconf 89' lang='lat' dir='ltr'>sed</span> <span class='ocrx_word' id='word_1_21' title='bbox 1118 527 1190 588; x_wconf 93' lang='lat' dir='ltr'>ut</span> <span class='ocrx_word' id='word_1_22' title='bbox 1256 544 1400 589; x_wconf 88' lang='lat' dir='ltr'>eum</span> <span class='ocrx_word' id='word_1_23' title='bbox 1469 525 1737 609; x_wconf 87' lang='lat' dir='ltr'>stringat</span> <span class='ocrx_word' id='word_1_24' title='bbox 1802 526 1865 589; x_wconf 89' lang='lat' dir='ltr'>in</span> <span class='ocrx_word' id='word_1_25' title='bbox 1932 525 2385 590; x_wconf 76' lang='lat' dir='ltr'><strong>malefactores.</strong></span> <span class='ocrx_word' id='word_1_26' title='bbox 2473 519 2749 606; x_wconf 75' lang='grc' dir='ltr'><em>μάχαιρα,</em></span> 
     </span>
     <span class='ocr_line' id='line_1_4' title="bbox 313 624 2746 709; baseline 0 -20"><span class='ocrx_word' id='word_1_27' title='bbox 313 624 586 707; x_wconf 83' lang='lat' dir='ltr'>gladius,</span> <span class='ocrx_word' id='word_1_28' title='bbox 657 625 907 708; x_wconf 84' lang='lat' dir='ltr'>signum</span> <span class='ocrx_word' id='word_1_29' title='bbox 977 628 1073 689; x_wconf 88' lang='lat' dir='ltr'>est</span> <span class='ocrx_word' id='word_1_30' title='bbox 1134 626 1292 709; x_wconf 85' lang='lat' dir='ltr'>juris</span> <span class='ocrx_word' id='word_1_31' title='bbox 1350 626 1511 691; x_wconf 85' lang='lat' dir='ltr'>vitae</span> <span class='ocrx_word' id='word_1_32' title='bbox 1571 629 1634 689; x_wconf 89' lang='lat' dir='ltr'>et</span> <span class='ocrx_word' id='word_1_33' title='bbox 1687 627 1869 704; x_wconf 79' lang='lat' dir='ltr'>neciS,</span> <span class='ocrx_word' id='word_1_34' title='bbox 1940 627 2103 709; x_wconf 90' lang='lat' dir='ltr'>quod</span> <span class='ocrx_word' id='word_1_35' title='bbox 2164 626 2442 692; x_wconf 84' lang='lat' dir='ltr'>divinum</span> <span class='ocrx_word' id='word_1_36' title='bbox 2488 628 2586 689; x_wconf 87' lang='lat' dir='ltr'>est</span> <span class='ocrx_word' id='word_1_37' title='bbox 2621 626 2746 707; x_wconf 88' lang='lat' dir='ltr'>jus,</span> 
     </span>
     <span class='ocr_line' id='line_1_5' title="bbox 311 726 2747 812; baseline 0 -22"><span class='ocrx_word' id='word_1_38' title='bbox 311 744 439 791; x_wconf 90' lang='lat' dir='ltr'>non</span> <span class='ocrx_word' id='word_1_39' title='bbox 485 726 852 791; x_wconf 91' lang='lat' dir='ltr'>humanum.</span> <span class='ocrx_word' id='word_1_40' title='bbox 946 726 1073 793; x_wconf 87' lang='lat' dir='ltr'>Sub</span> <span class='ocrx_word' id='word_1_41' title='bbox 1117 728 1234 792; x_wconf 90' lang='lat' dir='ltr'>hoc</span> <span class='ocrx_word' id='word_1_42' title='bbox 1296 729 1541 792; x_wconf 89' lang='lat' dir='ltr'>nomine</span> <span class='ocrx_word' id='word_1_43' title='bbox 1607 728 2211 812; x_wconf 87' lang='lat' dir='ltr'>comprehenduntur</span> <span class='ocrx_word' id='word_1_44' title='bbox 2272 727 2482 791; x_wconf 91' lang='lat' dir='ltr'>omnia</span> <span class='ocrx_word' id='word_1_45' title='bbox 2522 744 2747 810; x_wconf 88' lang='lat' dir='ltr'>genera</span> 
     </span>
     <span class='ocr_line' id='line_1_6' title="bbox 307 826 2747 913; baseline -0.001 -22"><span class='ocrx_word' id='word_1_46' title='bbox 307 826 780 910; x_wconf 78' lang='lat' dir='ltr'>suppliciorum.</span> <span class='ocrx_word' id='word_1_47' title='bbox 830 865 911 875; x_wconf 89' lang='lat'>—-</span> <span class='ocrx_word' id='word_1_48' title='bbox 955 828 1124 906; x_wconf 89' lang='lat' dir='ltr'>„Dei</span> <span class='ocrx_word' id='word_1_49' title='bbox 1181 830 1339 892; x_wconf 84' lang='lat' dir='ltr'>enim</span> <span class='ocrx_word' id='word_1_50' title='bbox 1398 830 1674 893; x_wconf 77' lang='lat' dir='ltr'><em>minister</em></span> <span class='ocrx_word' id='word_1_51' title='bbox 1738 838 1843 908; x_wconf 87' lang='lat' dir='ltr'>cst,</span> <span class='ocrx_word' id='word_1_52' title='bbox 1900 828 2128 893; x_wconf 76' lang='lat' dir='ltr'>vindex</span> <span class='ocrx_word' id='word_1_53' title='bbox 2186 828 2273 891; x_wconf 82' lang='lat' dir='ltr'>ad</span> <span class='ocrx_word' id='word_1_54' title='bbox 2313 829 2479 891; x_wconf 78' lang='lat' dir='ltr'>iram</span> <span class='ocrx_word' id='word_1_55' title='bbox 2520 827 2595 905; x_wconf 89' lang='lat' dir='ltr'>ei,</span> <span class='ocrx_word' id='word_1_56' title='bbox 2640 827 2747 913; x_wconf 77' lang='lat' dir='ltr'>qni</span> 
     </span>
     <span class='ocr_line' id='line_1_7' title="bbox 302 928 2742 1015; baseline 0 -22"><span class='ocrx_word' id='word_1_57' title='bbox 302 928 544 993; x_wconf 82' lang='lat' dir='ltr'>malum</span> <span class='ocrx_word' id='word_1_58' title='bbox 603 931 810 1015; x_wconf 70' lang='lat' dir='ltr'>aqit,·“</span> <span class='ocrx_word' id='word_1_59' title='bbox 871 931 1050 1011; x_wconf 82' lang='lat' dir='ltr'><strong>quasi</strong></span> <span class='ocrx_word' id='word_1_60' title='bbox 1113 931 1371 996; x_wconf 90' lang='lat' dir='ltr'>diceret:</span> <span class='ocrx_word' id='word_1_61' title='bbox 1435 932 1599 996; x_wconf 89' lang='lat' dir='ltr'>Nam</span> <span class='ocrx_word' id='word_1_62' title='bbox 1646 932 1763 996; x_wconf 93' lang='lat' dir='ltr'>Dei</span> <span class='ocrx_word' id='word_1_63' title='bbox 1821 929 2107 995; x_wconf 81' lang='lat' dir='ltr'><strong>minister</strong></span> <span class='ocrx_word' id='word_1_64' title='bbox 2165 928 2418 1012; x_wconf 88' lang='lat' dir='ltr'>ejusque</span> <span class='ocrx_word' id='word_1_65' title='bbox 2478 928 2742 993; x_wconf 88' lang='lat' dir='ltr'>vicarius</span> 
     </span>
     <span class='ocr_line' id='line_1_8' title="bbox 305 1030 2739 1115; baseline -0 -21"><span class='ocrx_word' id='word_1_66' title='bbox 305 1034 408 1095; x_wconf 82' lang='lat' dir='ltr'>est</span> <span class='ocrx_word' id='word_1_67' title='bbox 453 1032 535 1095; x_wconf 88' lang='lat' dir='ltr'>ad</span> <span class='ocrx_word' id='word_1_68' title='bbox 579 1050 844 1114; x_wconf 88' lang='lat' dir='ltr'>poenam</span> <span class='ocrx_word' id='word_1_69' title='bbox 890 1031 1293 1115; x_wconf 87' lang='lat' dir='ltr'>infligendam</span> <span class='ocrx_word' id='word_1_70' title='bbox 1319 1033 1834 1099; x_wconf 73' lang='lat' dir='ltr'>malefactoribus.</span> <span class='ocrx_word' id='word_1_71' title='bbox 1908 1032 2011 1097; x_wconf 87' lang='lat' dir='ltr'>Sic</span> <span class='ocrx_word' id='word_1_72' title='bbox 2042 1030 2249 1096; x_wconf 85' lang='lat' dir='ltr'>verbis</span> <span class='ocrx_word' id='word_1_73' title='bbox 2293 1030 2479 1113; x_wconf 87' lang='lat' dir='ltr'>hujus</span> <span class='ocrx_word' id='word_1_74' title='bbox 2522 1048 2739 1094; x_wconf 86' lang='lat' dir='ltr'>versus</span> 
     </span>
     <span class='ocr_line' id='line_1_9' title="bbox 303 1130 2736 1217; baseline -0.002 -21"><span class='ocrx_word' id='word_1_75' title='bbox 303 1132 757 1197; x_wconf 90' lang='lat' dir='ltr'>confirmat</span> <span class='ocrx_word' id='word_1_76' title='bbox 798 1134 1169 1197; x_wconf 89' lang='lat' dir='ltr'>sententiam</span> <span class='ocrx_word' id='word_1_77' title='bbox 1218 1135 1635 1216; x_wconf 87' lang='lat' dir='ltr'>superiorem:</span> <span class='ocrx_word' id='word_1_78' title='bbox 1681 1134 2122 1217; x_wconf 88' lang='lat' dir='ltr'>magistratum</span> <span class='ocrx_word' id='word_1_79' title='bbox 2169 1148 2291 1195; x_wconf 90' lang='lat' dir='ltr'>non</span> <span class='ocrx_word' id='word_1_80' title='bbox 2335 1149 2468 1195; x_wconf 90' lang='lat' dir='ltr'>esse</span> <span class='ocrx_word' id='word_1_81' title='bbox 2512 1130 2736 1193; x_wconf 88' lang='lat' dir='ltr'>timen-</span> 
     </span>
     <span class='ocr_line' id='line_1_10' title="bbox 301 1229 2733 1318; baseline -0.001 -22"><span class='ocrx_word' id='word_1_82' title='bbox 301 1233 458 1296; x_wconf 91' lang='lat' dir='ltr'>dum</span> <span class='ocrx_word' id='word_1_83' title='bbox 501 1233 718 1298; x_wconf 83' lang='lat' dir='ltr'>bonis.</span> <span class='ocrx_word' id='word_1_84' title='bbox 813 1232 984 1315; x_wconf 78' lang='grc' dir='ltr'><strong><em>ὀργὴ,</em></strong></span> <span class='ocrx_word' id='word_1_85' title='bbox 1049 1235 1169 1313; x_wconf 90' lang='lat' dir='ltr'>ira,</span> <span class='ocrx_word' id='word_1_86' title='bbox 1231 1235 1290 1299; x_wconf 89' lang='lat' dir='ltr'>h.</span> <span class='ocrx_word' id='word_1_87' title='bbox 1351 1236 1391 1299; x_wconf 91' lang='lat' dir='ltr'>l.</span> <span class='ocrx_word' id='word_1_88' title='bbox 1451 1254 1560 1318; x_wconf 91' lang='lat' dir='ltr'>per</span> <span class='ocrx_word' id='word_1_89' title='bbox 1619 1235 2070 1318; x_wconf 74' lang='lat' dir='ltr'>metonymiam</span> <span class='ocrx_word' id='word_1_90' title='bbox 2128 1250 2405 1316; x_wconf 89' lang='lat' dir='ltr'>poena.</span> <span class='ocrx_word' id='word_1_91' title='bbox 2496 1229 2733 1295; x_wconf 88' lang='lat' dir='ltr'>Verba:</span> 
     </span>
     <span class='ocr_line' id='line_1_11' title="bbox 299 1331 2733 1420; baseline -0.001 -22"><span class='ocrx_word' id='word_1_92' title='bbox 299 1334 600 1399; x_wconf 83' lang='lat' dir='ltr'>vindex</span> <span class='ocrx_word' id='word_1_93' title='bbox 644 1336 722 1401; x_wconf 89' lang='lat' dir='ltr'>in</span> <span class='ocrx_word' id='word_1_94' title='bbox 767 1336 1001 1413; x_wconf 90' lang='lat' dir='ltr'>iram,</span> <span class='ocrx_word' id='word_1_95' title='bbox 1049 1337 1291 1414; x_wconf 90' lang='lat' dir='ltr'>docent,</span> <span class='ocrx_word' id='word_1_96' title='bbox 1360 1354 1612 1420; x_wconf 87' lang='lat' dir='ltr'>poenas,</span> <span class='ocrx_word' id='word_1_97' title='bbox 1684 1356 1836 1419; x_wconf 87' lang='lat' dir='ltr'>quas</span> <span class='ocrx_word' id='word_1_98' title='bbox 1903 1335 2309 1418; x_wconf 77' lang='lat' dir='ltr'>magistratus</span> <span class='ocrx_word' id='word_1_99' title='bbox 2376 1331 2733 1396; x_wconf 86' lang='lat' dir='ltr'>malefacto·</span> 
     </span>
     <span class='ocr_line' id='line_1_12' title="bbox 298 1435 2071 1521; baseline 0.001 -22"><span class='ocrx_word' id='word_1_100' title='bbox 298 1435 480 1500; x_wconf 90' lang='lat' dir='ltr'>ribus</span> <span class='ocrx_word' id='word_1_101' title='bbox 525 1436 778 1521; x_wconf 87' lang='lat' dir='ltr'>infligit,</span> <span class='ocrx_word' id='word_1_102' title='bbox 827 1439 1251 1521; x_wconf 77' lang='lat' dir='ltr'>principaliter</span> <span class='ocrx_word' id='word_1_103' title='bbox 1293 1458 1424 1503; x_wconf 90' lang='lat' dir='ltr'>esse</span> <span class='ocrx_word' id='word_1_104' title='bbox 1470 1439 2071 1504; x_wconf 85' lang='lat' dir='ltr'>vindicativas.</span> 
     </span>
    </p>

    <p class='ocr_par' dir='ltr' id='par_1_3' title="bbox 285 1534 2731 2941">
     <span class='ocr_line' id='line_1_13' title="bbox 514 1534 2731 1630; baseline -0.001 -28"><span class='ocrx_word' id='word_1_105' title='bbox 514 1537 587 1602; x_wconf 91' lang='lat' dir='ltr'>V.</span> <span class='ocrx_word' id='word_1_106' title='bbox 635 1539 693 1603; x_wconf 83' lang='lat'>5.</span> <span class='ocrx_word' id='word_1_107' title='bbox 740 1538 932 1619; x_wconf 83' lang='lat' dir='ltr'>„Ideo</span> <span class='ocrx_word' id='word_1_108' title='bbox 975 1541 1296 1604; x_wconf 75' lang='lat' dir='ltr'>necessitas</span> <span class='ocrx_word' id='word_1_109' title='bbox 1339 1550 1443 1619; x_wconf 82' lang='lat' dir='ltr'>est,</span> <span class='ocrx_word' id='word_1_110' title='bbox 1489 1563 1550 1605; x_wconf 92' lang='lat' dir='ltr'>se</span> <span class='ocrx_word' id='word_1_111' title='bbox 1591 1538 2016 1630; x_wconf 72' lang='lat' dir='ltr'>suinciendi.“</span> <span class='ocrx_word' id='word_1_112' title='bbox 2060 1537 2213 1602; x_wconf 79' lang='lat' dir='ltr'>Vult</span> <span class='ocrx_word' id='word_1_113' title='bbox 2244 1537 2477 1601; x_wconf 85' lang='lat' dir='ltr'>dicere:</span> <span class='ocrx_word' id='word_1_114' title='bbox 2522 1534 2731 1614; x_wconf 85' lang='lat' dir='ltr'>Quum</span> 
     </span>
     <span class='ocr_line' id='line_1_14' title="bbox 297 1637 2730 1723; baseline -0.001 -20"><span class='ocrx_word' id='word_1_115' title='bbox 297 1640 716 1722; x_wconf 84' lang='lat' dir='ltr'>magistratus</span> <span class='ocrx_word' id='word_1_116' title='bbox 779 1641 906 1705; x_wconf 88' lang='lat' dir='ltr'>sint</span> <span class='ocrx_word' id='word_1_117' title='bbox 962 1642 1081 1706; x_wconf 92' lang='lat' dir='ltr'>Dei</span> <span class='ocrx_word' id='word_1_118' title='bbox 1126 1642 1396 1707; x_wconf 90' lang='lat' dir='ltr'>ministri</span> <span class='ocrx_word' id='word_1_119' title='bbox 1458 1646 1521 1706; x_wconf 92' lang='lat' dir='ltr'>et</span> <span class='ocrx_word' id='word_1_120' title='bbox 1581 1642 1811 1720; x_wconf 85' lang='lat' dir='ltr'>vicarii,</span> <span class='ocrx_word' id='word_1_121' title='bbox 1874 1644 2059 1723; x_wconf 86' lang='lat' dir='ltr'>atque</span> <span class='ocrx_word' id='word_1_122' title='bbox 2122 1640 2200 1703; x_wconf 91' lang='lat' dir='ltr'>ad</span> <span class='ocrx_word' id='word_1_123' title='bbox 2262 1656 2491 1722; x_wconf 90' lang='lat' dir='ltr'>poenas</span> <span class='ocrx_word' id='word_1_124' title='bbox 2536 1637 2730 1701; x_wconf 89' lang='lat' dir='ltr'>male-</span> 
     </span>
     <span class='ocr_line' id='line_1_15' title="bbox 293 1740 2726 1826; baseline -0.001 -22"><span class='ocrx_word' id='word_1_125' title='bbox 293 1740 642 1806; x_wconf 85' lang='lat' dir='ltr'>factoribus</span> <span class='ocrx_word' id='word_1_126' title='bbox 708 1742 1075 1826; x_wconf 89' lang='lat' dir='ltr'>infligendas</span> <span class='ocrx_word' id='word_1_127' title='bbox 1144 1744 1501 1822; x_wconf 86' lang='lat' dir='ltr'>constituti,</span> <span class='ocrx_word' id='word_1_128' title='bbox 1568 1744 1708 1809; x_wconf 91' lang='lat' dir='ltr'>ideo</span> <span class='ocrx_word' id='word_1_129' title='bbox 1776 1763 2024 1809; x_wconf 87' lang='lat' dir='ltr'>necesse</span> <span class='ocrx_word' id='word_1_130' title='bbox 2094 1743 2220 1819; x_wconf 87' lang='lat' dir='ltr'>est,</span> <span class='ocrx_word' id='word_1_131' title='bbox 2290 1740 2593 1823; x_wconf 89' lang='lat' dir='ltr'>subjicere</span> <span class='ocrx_word' id='word_1_132' title='bbox 2658 1756 2726 1803; x_wconf 88' lang='lat' dir='ltr'>se</span> 
     </span>
     <span class='ocr_line' id='line_1_16' title="bbox 296 1841 2724 1928; baseline 0.001 -23"><span class='ocrx_word' id='word_1_133' title='bbox 296 1842 788 1924; x_wconf 87' lang='lat' dir='ltr'>magistratuum</span> <span class='ocrx_word' id='word_1_134' title='bbox 859 1844 1137 1927; x_wconf 86' lang='lat' dir='ltr'>imperio.</span> <span class='ocrx_word' id='word_1_135' title='bbox 1205 1882 1292 1894; x_wconf 95' lang='grc'>--</span> <span class='ocrx_word' id='word_1_136' title='bbox 1355 1844 1467 1909; x_wconf 85' lang='lat' dir='ltr'>Est</span> <span class='ocrx_word' id='word_1_137' title='bbox 1533 1847 1665 1911; x_wconf 87' lang='lat' dir='ltr'>scil.</span> <span class='ocrx_word' id='word_1_138' title='bbox 1715 1845 2117 1914; x_wconf 90' lang='lat' dir='ltr'>collectio</span> <span class='ocrx_word' id='word_1_139' title='bbox 2160 1842 2305 1928; x_wconf 83' lang='grc' dir='ltr'>(διὸ)</span> <span class='ocrx_word' id='word_1_140' title='bbox 2352 1862 2422 1907; x_wconf 82' lang='lat' dir='ltr'>ex</span> <span class='ocrx_word' id='word_1_141' title='bbox 2466 1844 2596 1905; x_wconf 89' lang='lat' dir='ltr'>tota</span> <span class='ocrx_word' id='word_1_142' title='bbox 2641 1841 2724 1922; x_wconf 76' lang='lat' dir='ltr'>(v,</span> 
     </span>
     <span class='ocr_line' id='line_1_17' title="bbox 297 1942 2725 2031; baseline -0.002 -24"><span class='ocrx_word' id='word_1_143' title='bbox 297 1942 514 2027; x_wconf 87' lang='lat'>1—4.)</span> <span class='ocrx_word' id='word_1_144' title='bbox 574 1948 939 2028; x_wconf 88' lang='lat' dir='ltr'>antegressa</span> <span class='ocrx_word' id='word_1_145' title='bbox 994 1946 1285 2010; x_wconf 87' lang='lat' dir='ltr'>oratione.</span> <span class='ocrx_word' id='word_1_146' title='bbox 1376 1946 1739 2031; x_wconf 86' lang='lat' dir='ltr'>Vulgata</span> <span class='ocrx_word' id='word_1_147' title='bbox 1795 1966 1939 2029; x_wconf 88' lang='lat' dir='ltr'>pro:</span> <span class='ocrx_word' id='word_1_148' title='bbox 2002 1943 2223 2027; x_wconf 76' lang='grc' dir='ltr'><em>ἀνάγκη</em></span> <span class='ocrx_word' id='word_1_149' title='bbox 2277 1942 2725 2008; x_wconf 72' lang='grc' dir='ltr'><strong><em>ὑποτάσσεσθαι</em></strong></span> 
     </span>
     <span class='ocr_line' id='line_1_18' title="bbox 292 2044 2722 2130; baseline 0 -23"><span class='ocrx_word' id='word_1_150' title='bbox 292 2044 431 2128; x_wconf 87' lang='lat' dir='ltr'>(inf.</span> <span class='ocrx_word' id='word_1_151' title='bbox 503 2044 692 2127; x_wconf 89' lang='lat' dir='ltr'>med.)</span> <span class='ocrx_word' id='word_1_152' title='bbox 757 2046 986 2129; x_wconf 90' lang='lat' dir='ltr'>legisse</span> <span class='ocrx_word' id='word_1_153' title='bbox 1053 2047 1326 2112; x_wconf 84' lang='lat' dir='ltr'>videtur:</span> <span class='ocrx_word' id='word_1_154' title='bbox 1411 2046 1637 2130; x_wconf 75' lang='grc' dir='ltr'><strong><em>ἀνάγκῃ</em></strong></span> <span class='ocrx_word' id='word_1_155' title='bbox 1705 2046 2120 2110; x_wconf 74' lang='grc' dir='ltr'><strong><em>ὑποτάσσεσθε</em></strong></span> <span class='ocrx_word' id='word_1_156' title='bbox 2188 2046 2722 2129; x_wconf 89' lang='lat' dir='ltr'>(necessitate</span> 
     </span>
     <span class='ocr_line' id='line_1_19' title="bbox 295 2145 2719 2231; baseline -0 -22"><span class='ocrx_word' id='word_1_157' title='bbox 295 2146 635 2210; x_wconf 88' lang='lat' dir='ltr'>subditi</span> <span class='ocrx_word' id='word_1_158' title='bbox 679 2145 998 2231; x_wconf 90' lang='lat' dir='ltr'>estote),</span> <span class='ocrx_word' id='word_1_159' title='bbox 1066 2166 1222 2231; x_wconf 86' lang='lat' dir='ltr'>quae</span> <span class='ocrx_word' id='word_1_160' title='bbox 1267 2150 1470 2227; x_wconf 86' lang='lat' dir='ltr'>lecti0,</span> <span class='ocrx_word' id='word_1_161' title='bbox 1533 2150 1819 2231; x_wconf 85' lang='lat' dir='ltr'>quamvis</span> <span class='ocrx_word' id='word_1_162' title='bbox 1866 2168 2086 2213; x_wconf 91' lang='lat' dir='ltr'>sensus</span> <span class='ocrx_word' id='word_1_163' title='bbox 2130 2148 2193 2211; x_wconf 92' lang='lat' dir='ltr'>in</span> <span class='ocrx_word' id='word_1_164' title='bbox 2239 2148 2508 2213; x_wconf 85' lang='lat' dir='ltr'>essentia</span> <span class='ocrx_word' id='word_1_165' title='bbox 2552 2146 2719 2209; x_wconf 91' lang='lat' dir='ltr'>idem</span> 
     </span>
     <span class='ocr_line' id='line_1_20' title="bbox 287 2248 2717 2333; baseline 0 -22"><span class='ocrx_word' id='word_1_166' title='bbox 287 2248 563 2325; x_wconf 88' lang='lat' dir='ltr'>maneat,</span> <span class='ocrx_word' id='word_1_167' title='bbox 626 2250 838 2313; x_wconf 89' lang='lat' dir='ltr'>tamen</span> <span class='ocrx_word' id='word_1_168' title='bbox 902 2250 1086 2332; x_wconf 90' lang='lat' dir='ltr'>priori</span> <span class='ocrx_word' id='word_1_169' title='bbox 1152 2251 1580 2332; x_wconf 89' lang='lat' dir='ltr'>postponenda</span> <span class='ocrx_word' id='word_1_170' title='bbox 1639 2254 1752 2329; x_wconf 90' lang='lat' dir='ltr'>est,</span> <span class='ocrx_word' id='word_1_171' title='bbox 1822 2270 2013 2333; x_wconf 86' lang='lat' dir='ltr'>quum</span> <span class='ocrx_word' id='word_1_172' title='bbox 2070 2250 2273 2313; x_wconf 89' lang='lat' dir='ltr'>nullos</span> <span class='ocrx_word' id='word_1_173' title='bbox 2331 2248 2459 2311; x_wconf 85' lang='lat' dir='ltr'>fere</span> <span class='ocrx_word' id='word_1_174' title='bbox 2517 2249 2717 2311; x_wconf 85' lang='lat' dir='ltr'>testes</span> 
     </span>
     <span class='ocr_line' id='line_1_21' title="bbox 289 2349 2721 2438; baseline -0.001 -25"><span class='ocrx_word' id='word_1_175' title='bbox 289 2349 552 2413; x_wconf 64' lang='lat' dir='ltr'>habeat*</span> <span class='ocrx_word' id='word_1_176' title='bbox 605 2386 692 2395; x_wconf 89' lang='lat'><strong>—</strong></span> <span class='ocrx_word' id='word_1_177' title='bbox 751 2351 946 2429; x_wconf 87' lang='lat' dir='ltr'>„Non</span> <span class='ocrx_word' id='word_1_178' title='bbox 1002 2350 1195 2415; x_wconf 79' lang='lat' dir='ltr'>solum</span> <span class='ocrx_word' id='word_1_179' title='bbox 1243 2361 1500 2438; x_wconf 78' lang='lat' dir='ltr'>propter</span> <span class='ocrx_word' id='word_1_180' title='bbox 1555 2353 1783 2431; x_wconf 78' lang='lat' dir='ltr'>iram“,</span> <span class='ocrx_word' id='word_1_181' title='bbox 1846 2352 1884 2416; x_wconf 90' lang='lat' dir='ltr'>i.</span> <span class='ocrx_word' id='word_1_182' title='bbox 1934 2371 1982 2415; x_wconf 90' lang='lat' dir='ltr'>e.</span> <span class='ocrx_word' id='word_1_183' title='bbox 2031 2370 2153 2416; x_wconf 90' lang='lat' dir='ltr'>non</span> <span class='ocrx_word' id='word_1_184' title='bbox 2210 2351 2412 2417; x_wconf 86' lang='lat' dir='ltr'>solum</span> <span class='ocrx_word' id='word_1_185' title='bbox 2471 2350 2721 2431; x_wconf 90' lang='lat' dir='ltr'>propter</span> 
     </span>
     <span class='ocr_line' id='line_1_22' title="bbox 287 2448 2718 2540; baseline -0.001 -25"><span class='ocrx_word' id='word_1_186' title='bbox 287 2468 562 2533; x_wconf 86' lang='lat' dir='ltr'>poenam</span> <span class='ocrx_word' id='word_1_187' title='bbox 609 2450 1006 2516; x_wconf 86' lang='lat' dir='ltr'>evadendam.</span> <span class='ocrx_word' id='word_1_188' title='bbox 1059 2490 1132 2499; x_wconf 84' lang='lat'><em>-</em></span> <span class='ocrx_word' id='word_1_189' title='bbox 1180 2452 1352 2533; x_wconf 75' lang='lat' dir='ltr'>„Sed</span> <span class='ocrx_word' id='word_1_190' title='bbox 1395 2454 1578 2516; x_wconf 84' lang='lat' dir='ltr'>etiam</span> <span class='ocrx_word' id='word_1_191' title='bbox 1609 2462 1868 2540; x_wconf 75' lang='lat' dir='ltr'>propter</span> <span class='ocrx_word' id='word_1_192' title='bbox 1910 2453 2336 2517; x_wconf 74' lang='lat' dir='ltr'>conscientiam</span> <span class='ocrx_word' id='word_1_193' title='bbox 2350 2454 2414 2531; x_wconf 84' lang='lat'>,·“</span> <span class='ocrx_word' id='word_1_194' title='bbox 2456 2449 2495 2514; x_wconf 88' lang='lat' dir='ltr'>i.</span> <span class='ocrx_word' id='word_1_195' title='bbox 2533 2469 2582 2514; x_wconf 91' lang='lat' dir='ltr'>e.</span> <span class='ocrx_word' id='word_1_196' title='bbox 2610 2448 2718 2512; x_wconf 86' lang='lat' dir='ltr'>scd</span> 
     </span>
     <span class='ocr_line' id='line_1_23' title="bbox 287 2550 2715 2633; baseline -0.001 -17"><span class='ocrx_word' id='word_1_197' title='bbox 287 2553 486 2616; x_wconf 90' lang='lat' dir='ltr'>etiam</span> <span class='ocrx_word' id='word_1_198' title='bbox 533 2556 596 2616; x_wconf 92' lang='lat' dir='ltr'>et</span> <span class='ocrx_word' id='word_1_199' title='bbox 643 2553 908 2617; x_wconf 85' lang='lat' dir='ltr'>maxime</span> <span class='ocrx_word' id='word_1_200' title='bbox 953 2554 1109 2633; x_wconf 90' lang='lat' dir='ltr'>ideo,</span> <span class='ocrx_word' id='word_1_201' title='bbox 1171 2560 1242 2620; x_wconf 88' lang='lat' dir='ltr'>ut</span> <span class='ocrx_word' id='word_1_202' title='bbox 1302 2555 1768 2621; x_wconf 88' lang='lat' dir='ltr'>satisfaciamus</span> <span class='ocrx_word' id='word_1_203' title='bbox 1814 2556 2229 2620; x_wconf 84' lang='lat' dir='ltr'>conscientiae</span> <span class='ocrx_word' id='word_1_204' title='bbox 2275 2555 2542 2629; x_wconf 88' lang='lat' dir='ltr'>nostrae,</span> <span class='ocrx_word' id='word_1_205' title='bbox 2589 2550 2715 2614; x_wconf 89' lang='lat' dir='ltr'>dic-</span> 
     </span>
     <span class='ocr_line' id='line_1_24' title="bbox 293 2653 2716 2741; baseline -0.001 -24"><span class='ocrx_word' id='word_1_206' title='bbox 293 2654 480 2733; x_wconf 85' lang='lat' dir='ltr'>tanti,</span> <span class='ocrx_word' id='word_1_207' title='bbox 546 2654 960 2719; x_wconf 86' lang='lat' dir='ltr'>obediendum</span> <span class='ocrx_word' id='word_1_208' title='bbox 1028 2676 1162 2720; x_wconf 90' lang='lat' dir='ltr'>esse</span> <span class='ocrx_word' id='word_1_209' title='bbox 1208 2658 1701 2741; x_wconf 88' lang='lat' dir='ltr'>magistratibus,</span> <span class='ocrx_word' id='word_1_210' title='bbox 1761 2660 2058 2740; x_wconf 87' lang='lat' dir='ltr'>tanquam</span> <span class='ocrx_word' id='word_1_211' title='bbox 2116 2656 2235 2721; x_wconf 92' lang='lat' dir='ltr'>Dei</span> <span class='ocrx_word' id='word_1_212' title='bbox 2292 2653 2595 2719; x_wconf 86' lang='lat' dir='ltr'>ministris</span> <span class='ocrx_word' id='word_1_213' title='bbox 2654 2653 2716 2714; x_wconf 88' lang='lat' dir='ltr'>et</span> 
     </span>
     <span class='ocr_line' id='line_1_25' title="bbox 288 2754 2709 2842; baseline -0.001 -24"><span class='ocrx_word' id='word_1_214' title='bbox 288 2754 560 2832; x_wconf 60' lang='lat' dir='ltr'>vicatim,</span> <span class='ocrx_word' id='word_1_215' title='bbox 621 2774 700 2819; x_wconf 90' lang='lat' dir='ltr'>ne</span> <span class='ocrx_word' id='word_1_216' title='bbox 761 2756 825 2820; x_wconf 91' lang='lat' dir='ltr'>in</span> <span class='ocrx_word' id='word_1_217' title='bbox 881 2757 1094 2840; x_wconf 86' lang='lat' dir='ltr'>ipsum</span> <span class='ocrx_word' id='word_1_218' title='bbox 1139 2759 1343 2822; x_wconf 92' lang='lat' dir='ltr'>Deum</span> <span class='ocrx_word' id='word_1_219' title='bbox 1405 2778 1729 2842; x_wconf 88' lang='lat' dir='ltr'>peccemus</span> <span class='ocrx_word' id='word_1_220' title='bbox 1785 2763 1849 2824; x_wconf 89' lang='lat' dir='ltr'>et</span> <span class='ocrx_word' id='word_1_221' title='bbox 1893 2778 2100 2824; x_wconf 88' lang='lat' dir='ltr'>coram</span> <span class='ocrx_word' id='word_1_222' title='bbox 2155 2759 2289 2841; x_wconf 86' lang='lat' dir='ltr'>ipso</span> <span class='ocrx_word' id='word_1_223' title='bbox 2333 2756 2423 2820; x_wconf 92' lang='lat' dir='ltr'>rei</span> <span class='ocrx_word' id='word_1_224' title='bbox 2464 2755 2709 2831; x_wconf 88' lang='lat' dir='ltr'>fiamus,</span> 
     </span>
     <span class='ocr_line' id='line_1_26' title="bbox 285 2857 2698 2941; baseline 0.004 -20"><span class='ocrx_word' id='word_1_225' title='bbox 285 2857 340 2922; x_wconf 92' lang='lat' dir='ltr'>si</span> <span class='ocrx_word' id='word_1_226' title='bbox 391 2858 875 2939; x_wconf 86' lang='lat' dir='ltr'>magistratuum</span> <span class='ocrx_word' id='word_1_227' title='bbox 920 2860 1178 2941; x_wconf 90' lang='lat' dir='ltr'>imperio</span> <span class='ocrx_word' id='word_1_228' title='bbox 1223 2861 1538 2925; x_wconf 74' lang='lat' dir='ltr'>audientes</span> <span class='ocrx_word' id='word_1_229' title='bbox 1580 2880 1705 2926; x_wconf 89' lang='lat' dir='ltr'>non</span> <span class='ocrx_word' id='word_1_230' title='bbox 1747 2861 2065 2927; x_wconf 80' lang='lat' dir='ltr'>fuerimus,</span> <span class='ocrx_word' id='word_1_231' title='bbox 2689 2927 2698 2931; x_wconf 87' lang='lat'>-</span> 
     </span>
    </p>

    <p class='ocr_par' dir='ltr' id='par_1_4' title="bbox 269 2950 2712 4058">
     <span class='ocr_line' id='line_1_27' title="bbox 489 2950 2712 3047; baseline -0.002 -23"><span class='ocrx_word' id='word_1_232' title='bbox 489 2959 561 3024; x_wconf 91' lang='lat' dir='ltr'>V.</span> <span class='ocrx_word' id='word_1_233' title='bbox 611 2961 667 3025; x_wconf 86' lang='lat'>6.</span> <span class='ocrx_word' id='word_1_234' title='bbox 713 2958 907 3038; x_wconf 81' lang='lat' dir='ltr'>„Ideo</span> <span class='ocrx_word' id='word_1_235' title='bbox 951 2961 1108 3023; x_wconf 82' lang='lat' dir='ltr'>enim</span> <span class='ocrx_word' id='word_1_236' title='bbox 1164 2970 1220 3023; x_wconf 84' lang='lat' dir='ltr'>et</span> <span class='ocrx_word' id='word_1_237' title='bbox 1275 2959 1506 3025; x_wconf 79' lang='lat' dir='ltr'>tributa</span> <span class='ocrx_word' id='word_1_238' title='bbox 1552 2950 1887 3047; x_wconf 81' lang='lat' dir='ltr'>praestatis</span> <span class='ocrx_word' id='word_1_239' title='bbox 1899 2966 1964 3044; x_wconf 80' lang='lat'>,·“</span> <span class='ocrx_word' id='word_1_240' title='bbox 2007 2961 2185 3044; x_wconf 88' lang='lat' dir='ltr'>quasi</span> <span class='ocrx_word' id='word_1_241' title='bbox 2232 2960 2497 3024; x_wconf 86' lang='lat' dir='ltr'>diceret:</span> <span class='ocrx_word' id='word_1_242' title='bbox 2543 2956 2712 3021; x_wconf 87' lang='lat' dir='ltr'>Nam</span> 
     </span>
     <span class='ocr_line' id='line_1_28' title="bbox 281 3058 2709 3147; baseline -0 -24"><span class='ocrx_word' id='word_1_243' title='bbox 281 3059 444 3139; x_wconf 91' lang='lat' dir='ltr'>ideo,</span> <span class='ocrx_word' id='word_1_244' title='bbox 493 3062 640 3143; x_wconf 88' lang='lat' dir='ltr'>quia</span> <span class='ocrx_word' id='word_1_245' title='bbox 685 3062 1154 3144; x_wconf 88' lang='lat' dir='ltr'>magistratibus</span> <span class='ocrx_word' id='word_1_246' title='bbox 1198 3063 1432 3127; x_wconf 88' lang='lat' dir='ltr'>subditi</span> <span class='ocrx_word' id='word_1_247' title='bbox 1477 3083 1614 3128; x_wconf 87' lang='lat' dir='ltr'>esse</span> <span class='ocrx_word' id='word_1_248' title='bbox 1662 3064 1899 3129; x_wconf 90' lang='lat' dir='ltr'>debetis</span> <span class='ocrx_word' id='word_1_249' title='bbox 1945 3065 2196 3147; x_wconf 87' lang='lat' dir='ltr'>propter</span> <span class='ocrx_word' id='word_1_250' title='bbox 2246 3058 2709 3136; x_wconf 85' lang='lat' dir='ltr'>conscientiam,</span> 
     </span>
     <span class='ocr_line' id='line_1_29' title="bbox 279 3158 2711 3244; baseline -0.001 -19"><span class='ocrx_word' id='word_1_251' title='bbox 279 3162 473 3226; x_wconf 90' lang='lat' dir='ltr'>etiam</span> <span class='ocrx_word' id='word_1_252' title='bbox 516 3163 642 3227; x_wconf 90' lang='lat' dir='ltr'>illis</span> <span class='ocrx_word' id='word_1_253' title='bbox 684 3164 919 3227; x_wconf 88' lang='lat' dir='ltr'>tributa</span> <span class='ocrx_word' id='word_1_254' title='bbox 961 3164 1221 3229; x_wconf 76' lang='lat' dir='ltr'>solvitis,</span> <span class='ocrx_word' id='word_1_255' title='bbox 1276 3202 1348 3211; x_wconf 90' lang='lat'>—-</span> <span class='ocrx_word' id='word_1_256' title='bbox 1397 3164 1635 3230; x_wconf 88' lang='lat' dir='ltr'>Solutio</span> <span class='ocrx_word' id='word_1_257' title='bbox 1678 3166 1847 3229; x_wconf 86' lang='lat' dir='ltr'>enim</span> <span class='ocrx_word' id='word_1_258' title='bbox 1891 3166 2265 3230; x_wconf 83' lang='lat' dir='ltr'>tributorum</span> <span class='ocrx_word' id='word_1_259' title='bbox 2312 3158 2711 3244; x_wconf 85' lang='lat' dir='ltr'>subjectionis</span> 
     </span>
     <span class='ocr_line' id='line_1_30' title="bbox 277 3260 2708 3350; baseline -0.001 -24"><span class='ocrx_word' id='word_1_260' title='bbox 277 3262 380 3327; x_wconf 89' lang='lat' dir='ltr'>est</span> <span class='ocrx_word' id='word_1_261' title='bbox 436 3263 754 3344; x_wconf 66' lang='lat' dir='ltr'>professio</span> <span class='ocrx_word' id='word_1_262' title='bbox 817 3301 903 3312; x_wconf 91' lang='lat'>—</span> <span class='ocrx_word' id='word_1_263' title='bbox 958 3266 1181 3342; x_wconf 72' lang='grc' dir='ltr'><strong><em>τελεῖτε,</em></strong></span> <span class='ocrx_word' id='word_1_264' title='bbox 1240 3267 1745 3350; x_wconf 88' lang='lat' dir='ltr'>praestatis;</span> <span class='ocrx_word' id='word_1_265' title='bbox 1806 3267 1957 3331; x_wconf 88' lang='lat' dir='ltr'>dicit</span> <span class='ocrx_word' id='word_1_266' title='bbox 2012 3265 2330 3347; x_wconf 88' lang='lat' dir='ltr'>apostolus</span> <span class='ocrx_word' id='word_1_267' title='bbox 2394 3263 2458 3327; x_wconf 91' lang='lat' dir='ltr'>in</span> <span class='ocrx_word' id='word_1_268' title='bbox 2504 3260 2708 3325; x_wconf 90' lang='lat' dir='ltr'>indi-</span> 
     </span>
     <span class='ocr_line' id='line_1_31' title="bbox 277 3364 2708 3452; baseline 0 -25"><span class='ocrx_word' id='word_1_269' title='bbox 277 3364 591 3443; x_wconf 84' lang='lat' dir='ltr'>cative,</span> <span class='ocrx_word' id='word_1_270' title='bbox 639 3366 994 3448; x_wconf 88' lang='lat' dir='ltr'>significans</span> <span class='ocrx_word' id='word_1_271' title='bbox 1029 3368 1324 3433; x_wconf 90' lang='lat' dir='ltr'>nimirum</span> <span class='ocrx_word' id='word_1_272' title='bbox 1370 3365 1459 3449; x_wconf 81' lang='lat' dir='ltr'>id,</span> <span class='ocrx_word' id='word_1_273' title='bbox 1501 3369 1663 3452; x_wconf 89' lang='lat' dir='ltr'>quod</span> <span class='ocrx_word' id='word_1_274' title='bbox 1696 3368 1889 3433; x_wconf 90' lang='lat' dir='ltr'>fieri</span> <span class='ocrx_word' id='word_1_275' title='bbox 1939 3368 2180 3433; x_wconf 88' lang='lat' dir='ltr'>debet</span> <span class='ocrx_word' id='word_1_276' title='bbox 2223 3386 2332 3450; x_wconf 87' lang='lat' dir='ltr'>per</span> <span class='ocrx_word' id='word_1_277' title='bbox 2374 3364 2457 3442; x_wconf 92' lang='lat' dir='ltr'>id,</span> <span class='ocrx_word' id='word_1_278' title='bbox 2505 3364 2708 3447; x_wconf 90' lang='lat' dir='ltr'>quod</span> 
     </span>
     <span class='ocr_line' id='line_1_32' title="bbox 275 3464 2708 3553; baseline 0.003 -25"><span class='ocrx_word' id='word_1_279' title='bbox 275 3464 341 3529; x_wconf 87' lang='lat' dir='ltr'>fi</span> <span class='ocrx_word' id='word_1_280' title='bbox 359 3468 402 3529; x_wconf 80' lang='lat' dir='ltr'>t.</span> <span class='ocrx_word' id='word_1_281' title='bbox 473 3502 541 3513; x_wconf 88' lang='lat'>--</span> <span class='ocrx_word' id='word_1_282' title='bbox 611 3466 942 3545; x_wconf 76' lang='lat' dir='ltr'>„Ministri</span> <span class='ocrx_word' id='word_1_283' title='bbox 997 3470 1156 3532; x_wconf 86' lang='lat' dir='ltr'>enim</span> <span class='ocrx_word' id='word_1_284' title='bbox 1199 3470 1324 3533; x_wconf 88' lang='lat' dir='ltr'>Dei</span> <span class='ocrx_word' id='word_1_285' title='bbox 1379 3476 1579 3550; x_wconf 64' lang='lat' dir='ltr'>sunff‘,</span> <span class='ocrx_word' id='word_1_286' title='bbox 1641 3471 1768 3535; x_wconf 88' lang='lat' dir='ltr'>scil.</span> <span class='ocrx_word' id='word_1_287' title='bbox 1833 3471 2237 3553; x_wconf 77' lang='lat' dir='ltr'>magistratus</span> <span class='ocrx_word' id='word_1_288' title='bbox 2297 3469 2382 3551; x_wconf 85' lang='grc' dir='ltr'>(οἱ</span> <span class='ocrx_word' id='word_1_289' title='bbox 2436 3466 2708 3549; x_wconf 72' lang='grc' dir='ltr'><strong><em>ἄρχοντες</em></strong></span> 
     </span>
     <span class='ocr_line' id='line_1_33' title="bbox 275 3567 2708 3654; baseline 0.002 -25"><span class='ocrx_word' id='word_1_290' title='bbox 275 3585 351 3629; x_wconf 87' lang='lat' dir='ltr'>ex</span> <span class='ocrx_word' id='word_1_291' title='bbox 417 3586 472 3631; x_wconf 77' lang='lat' dir='ltr'>v,</span> <span class='ocrx_word' id='word_1_292' title='bbox 535 3568 643 3651; x_wconf 85' lang='lat'>3.).</span> <span class='ocrx_word' id='word_1_293' title='bbox 733 3568 955 3634; x_wconf 87' lang='lat' dir='ltr'>Verbis</span> <span class='ocrx_word' id='word_1_294' title='bbox 1021 3570 1121 3634; x_wconf 90' lang='lat' dir='ltr'>his</span> <span class='ocrx_word' id='word_1_295' title='bbox 1189 3571 1667 3650; x_wconf 86' lang='lat' dir='ltr'>confirmat,</span> <span class='ocrx_word' id='word_1_296' title='bbox 1753 3590 1860 3635; x_wconf 90' lang='lat' dir='ltr'>cur</span> <span class='ocrx_word' id='word_1_297' title='bbox 1932 3570 2404 3654; x_wconf 85' lang='lat' dir='ltr'>magistratibus</span> <span class='ocrx_word' id='word_1_298' title='bbox 2469 3567 2708 3634; x_wconf 88' lang='lat' dir='ltr'>tributa</span> 
     </span>
     <span class='ocr_line' id='line_1_34' title="bbox 273 3667 2705 3759; baseline 0.002 -29"><span class='ocrx_word' id='word_1_299' title='bbox 273 3667 404 3731; x_wconf 78' lang='lat' dir='ltr'>sint</span> <span class='ocrx_word' id='word_1_300' title='bbox 449 3669 790 3750; x_wconf 79' lang='lat' dir='ltr'>pendenda.</span> <span class='ocrx_word' id='word_1_301' title='bbox 836 3706 922 3717; x_wconf 89' lang='lat'>——</span> <span class='ocrx_word' id='word_1_302' title='bbox 963 3671 1174 3750; x_wconf 81' lang='lat' dir='ltr'>„Huic</span> <span class='ocrx_word' id='word_1_303' title='bbox 1233 3673 1358 3757; x_wconf 82' lang='lat' dir='ltr'>ipsi</span> <span class='ocrx_word' id='word_1_304' title='bbox 1401 3682 1865 3759; x_wconf 77' lang='lat' dir='ltr'>perseveranter</span> <span class='ocrx_word' id='word_1_305' title='bbox 1906 3674 2241 3737; x_wconf 75' lang='lat' dir='ltr'>insistentes</span> <span class='ocrx_word' id='word_1_306' title='bbox 2253 3678 2317 3755; x_wconf 82' lang='lat'>,·“</span> <span class='ocrx_word' id='word_1_307' title='bbox 2375 3674 2413 3737; x_wconf 87' lang='lat' dir='ltr'>i.</span> <span class='ocrx_word' id='word_1_308' title='bbox 2462 3692 2511 3736; x_wconf 88' lang='lat' dir='ltr'>e.</span> <span class='ocrx_word' id='word_1_309' title='bbox 2561 3670 2705 3735; x_wconf 83' lang='lat' dir='ltr'>huic</span> 
     </span>
     <span class='ocr_line' id='line_1_35' title="bbox 275 3768 2700 3858; baseline 0.002 -26"><span class='ocrx_word' id='word_1_310' title='bbox 275 3768 398 3832; x_wconf 92' lang='lat' dir='ltr'>Dei</span> <span class='ocrx_word' id='word_1_311' title='bbox 442 3768 788 3835; x_wconf 87' lang='lat' dir='ltr'>ministerio</span> <span class='ocrx_word' id='word_1_312' title='bbox 835 3771 1078 3837; x_wconf 89' lang='lat' dir='ltr'>assidue</span> <span class='ocrx_word' id='word_1_313' title='bbox 1112 3774 1426 3852; x_wconf 79' lang='lat' dir='ltr'>vacanteS,</span> <span class='ocrx_word' id='word_1_314' title='bbox 1474 3776 1846 3840; x_wconf 89' lang='lat' dir='ltr'>consulendo</span> <span class='ocrx_word' id='word_1_315' title='bbox 1894 3775 2135 3841; x_wconf 88' lang='lat' dir='ltr'>scilicet</span> <span class='ocrx_word' id='word_1_316' title='bbox 2178 3774 2427 3858; x_wconf 88' lang='lat' dir='ltr'>publico</span> <span class='ocrx_word' id='word_1_317' title='bbox 2471 3774 2700 3839; x_wconf 90' lang='lat' dir='ltr'>civium</span> 
     </span>
     <span class='ocr_line' id='line_1_36' title="bbox 269 3870 2697 3959; baseline 0.002 -26"><span class='ocrx_word' id='word_1_318' title='bbox 269 3870 469 3945; x_wconf 86' lang='lat' dir='ltr'>bono;</span> <span class='ocrx_word' id='word_1_319' title='bbox 529 3871 606 3935; x_wconf 89' lang='lat' dir='ltr'>ad</span> <span class='ocrx_word' id='word_1_320' title='bbox 665 3872 826 3953; x_wconf 90' lang='lat' dir='ltr'>quod</span> <span class='ocrx_word' id='word_1_321' title='bbox 893 3873 1308 3939; x_wconf 77' lang='lat' dir='ltr'>ministerIum</span> <span class='ocrx_word' id='word_1_322' title='bbox 1367 3876 1483 3939; x_wconf 89' lang='lat' dir='ltr'>rite</span> <span class='ocrx_word' id='word_1_323' title='bbox 1538 3878 2026 3942; x_wconf 90' lang='lat' dir='ltr'>incumbendum</span> <span class='ocrx_word' id='word_1_324' title='bbox 2090 3876 2374 3959; x_wconf 91' lang='lat' dir='ltr'>indigent</span> <span class='ocrx_word' id='word_1_325' title='bbox 2418 3875 2697 3958; x_wconf 86' lang='lat' dir='ltr'>pecunia.</span> 
     </span>
     <span class='ocr_line' id='line_1_37' title="bbox 275 3972 1586 4058; baseline 0.005 -27"><span class='ocrx_word' id='word_1_326' title='bbox 275 4009 348 4019; x_wconf 91' lang='lat'>—-</span> <span class='ocrx_word' id='word_1_327' title='bbox 399 3976 482 4043; x_wconf 82' lang='grc' dir='ltr'>εἰς</span> <span class='ocrx_word' id='word_1_328' title='bbox 523 3972 667 4035; x_wconf 80' lang='grc' dir='ltr'><strong><em>αὐτὸ</em></strong></span> <span class='ocrx_word' id='word_1_329' title='bbox 705 3978 899 4051; x_wconf 78' lang='grc' dir='ltr'><strong><em>τοῦτο,</em></strong></span> <span class='ocrx_word' id='word_1_330' title='bbox 949 3976 1079 4040; x_wconf 82' lang='lat' dir='ltr'>scil.</span> <span class='ocrx_word' id='word_1_331' title='bbox 1126 3975 1194 4037; x_wconf 79' lang='grc' dir='ltr'>τὸ</span> <span class='ocrx_word' id='word_1_332' title='bbox 1235 3978 1586 4058; x_wconf 76' lang='grc' dir='ltr'><strong><em>λειτουργεῖν.</em></strong></span> 
     </span>
    </p>

    <p class='ocr_par' dir='ltr' id='par_1_5' title="bbox 265 4073 2699 4579">
     <span class='ocr_line' id='line_1_38' title="bbox 486 4073 2699 4163; baseline 0.004 -26"><span class='ocrx_word' id='word_1_333' title='bbox 486 4073 560 4138; x_wconf 86' lang='lat' dir='ltr'>V.</span> <span class='ocrx_word' id='word_1_334' title='bbox 610 4075 666 4139; x_wconf 78' lang='lat'>7,</span> <span class='ocrx_word' id='word_1_335' title='bbox 714 4076 1024 4155; x_wconf 81' lang='lat' dir='ltr'>„Reddite</span> <span class='ocrx_word' id='word_1_336' title='bbox 1081 4100 1219 4163; x_wconf 70' lang='lat' dir='ltr'>erqo</span> <span class='ocrx_word' id='word_1_337' title='bbox 1281 4078 1556 4143; x_wconf 80' lang='lat' dir='ltr'>omnibus</span> <span class='ocrx_word' id='word_1_338' title='bbox 1611 4080 1879 4145; x_wconf 80' lang='lat' dir='ltr'>debita.“</span> <span class='ocrx_word' id='word_1_339' title='bbox 1950 4082 2173 4147; x_wconf 83' lang='lat' dir='ltr'>Verbis</span> <span class='ocrx_word' id='word_1_340' title='bbox 2227 4081 2325 4145; x_wconf 86' lang='lat' dir='ltr'>his</span> <span class='ocrx_word' id='word_1_341' title='bbox 2386 4098 2471 4145; x_wconf 88' lang='lat' dir='ltr'>co</span> <span class='ocrx_word' id='word_1_342' title='bbox 2491 4080 2699 4145; x_wconf 84' lang='lat' dir='ltr'>nolu-</span> 
     </span>
     <span class='ocr_line' id='line_1_39' title="bbox 269 4173 2699 4269; baseline 0.004 -30"><span class='ocrx_word' id='word_1_343' title='bbox 269 4175 396 4239; x_wconf 88' lang='lat' dir='ltr'>dit</span> <span class='ocrx_word' id='word_1_344' title='bbox 439 4173 598 4261; x_wconf 76' lang='grc' dir='ltr'><strong><em>(οὖν)</em></strong></span> <span class='ocrx_word' id='word_1_345' title='bbox 646 4196 716 4241; x_wconf 84' lang='lat' dir='ltr'>ex</span> <span class='ocrx_word' id='word_1_346' title='bbox 760 4179 1113 4261; x_wconf 85' lang='lat' dir='ltr'>praemissis</span> <span class='ocrx_word' id='word_1_347' title='bbox 1157 4182 1500 4247; x_wconf 88' lang='lat' dir='ltr'>rationibus</span> <span class='ocrx_word' id='word_1_348' title='bbox 1549 4184 1631 4268; x_wconf 87' lang='lat' dir='ltr'>(v.</span> <span class='ocrx_word' id='word_1_349' title='bbox 1685 4185 1895 4269; x_wconf 76' lang='grc'>1-7.)</span> <span class='ocrx_word' id='word_1_350' title='bbox 1941 4186 2277 4269; x_wconf 87' lang='lat' dir='ltr'>apostolus,</span> <span class='ocrx_word' id='word_1_351' title='bbox 2334 4188 2517 4267; x_wconf 85' lang='lat' dir='ltr'>atque</span> <span class='ocrx_word' id='word_1_352' title='bbox 2562 4186 2699 4249; x_wconf 89' lang='lat' dir='ltr'>vult</span> 
     </span>
     <span class='ocr_line' id='line_1_40' title="bbox 265 4278 2696 4372; baseline 0.005 -31"><span class='ocrx_word' id='word_1_353' title='bbox 265 4278 505 4343; x_wconf 89' lang='lat' dir='ltr'>dicere:</span> <span class='ocrx_word' id='word_1_354' title='bbox 570 4278 830 4345; x_wconf 89' lang='lat' dir='ltr'>Reddite</span> <span class='ocrx_word' id='word_1_355' title='bbox 876 4298 1018 4365; x_wconf 91' lang='lat' dir='ltr'>ergo</span> <span class='ocrx_word' id='word_1_356' title='bbox 1079 4284 1388 4362; x_wconf 58' lang='lat' dir='ltr'>omnibus„</span> <span class='ocrx_word' id='word_1_357' title='bbox 1457 4286 1560 4367; x_wconf 92' lang='lat' dir='ltr'>qui</span> <span class='ocrx_word' id='word_1_358' title='bbox 1607 4288 1859 4369; x_wconf 88' lang='lat' dir='ltr'>publica</span> <span class='ocrx_word' id='word_1_359' title='bbox 1916 4289 2124 4371; x_wconf 86' lang='lat' dir='ltr'>aliqua</span> <span class='ocrx_word' id='word_1_360' title='bbox 2164 4290 2475 4372; x_wconf 85' lang='lat' dir='ltr'>potestate</span> <span class='ocrx_word' id='word_1_361' title='bbox 2516 4307 2696 4372; x_wconf 86' lang='lat' dir='ltr'>prae-</span> 
     </span>
     <span class='ocr_line' id='line_1_41' title="bbox 265 4378 2695 4470; baseline 0.005 -28"><span class='ocrx_word' id='word_1_362' title='bbox 265 4378 385 4443; x_wconf 88' lang='lat' dir='ltr'>diti</span> <span class='ocrx_word' id='word_1_363' title='bbox 429 4379 592 4457; x_wconf 87' lang='lat' dir='ltr'>sunt,</span> <span class='ocrx_word' id='word_1_364' title='bbox 640 4398 728 4458; x_wconf 91' lang='lat' dir='ltr'>ea,</span> <span class='ocrx_word' id='word_1_365' title='bbox 777 4399 931 4463; x_wconf 89' lang='lat' dir='ltr'>quae</span> <span class='ocrx_word' id='word_1_366' title='bbox 975 4384 1128 4466; x_wconf 89' lang='lat' dir='ltr'>ipsis</span> <span class='ocrx_word' id='word_1_367' title='bbox 1175 4386 1495 4451; x_wconf 89' lang='lat' dir='ltr'>debentur.</span> <span class='ocrx_word' id='word_1_368' title='bbox 1543 4424 1624 4434; x_wconf 93' lang='lat'>·-—</span> <span class='ocrx_word' id='word_1_369' title='bbox 1669 4386 1837 4467; x_wconf 81' lang='lat' dir='ltr'>„Cui</span> <span class='ocrx_word' id='word_1_370' title='bbox 1878 4388 2229 4470; x_wconf 77' lang='lat' dir='ltr'>tributum“,</span> <span class='ocrx_word' id='word_1_371' title='bbox 2274 4392 2407 4456; x_wconf 87' lang='lat' dir='ltr'>scil.</span> <span class='ocrx_word' id='word_1_372' title='bbox 2455 4390 2695 4456; x_wconf 87' lang='lat' dir='ltr'>debetis</span> 
     </span>
     <span class='ocr_line' id='line_1_42' title="bbox 266 4478 2689 4579; baseline 0.009 -40"><span class='ocrx_word' id='word_1_373' title='bbox 266 4478 594 4566; x_wconf 72' lang='grc' dir='ltr'>(ὀφείλετε).</span> <span class='ocrx_word' id='word_1_374' title='bbox 644 4519 726 4531; x_wconf 92' lang='lat'>—-</span> <span class='ocrx_word' id='word_1_375' title='bbox 772 4484 1209 4567; x_wconf 76' lang='lat' dir='ltr'>,‚Tributum“,</span> <span class='ocrx_word' id='word_1_376' title='bbox 1253 4488 1382 4553; x_wconf 86' lang='lat' dir='ltr'>scil.</span> <span class='ocrx_word' id='word_1_377' title='bbox 1431 4490 1671 4555; x_wconf 88' lang='lat' dir='ltr'>reddite</span> <span class='ocrx_word' id='word_1_378' title='bbox 1733 4491 1805 4557; x_wconf 86' lang='lat' dir='ltr'>ei.</span> <span class='ocrx_word' id='word_1_379' title='bbox 1855 4530 1931 4539; x_wconf 79' lang='lat'>—-</span> <span class='ocrx_word' id='word_1_380' title='bbox 1978 4492 2147 4573; x_wconf 77' lang='lat' dir='ltr'>„Cui</span> <span class='ocrx_word' id='word_1_381' title='bbox 2184 4495 2505 4579; x_wconf 58' lang='lat' dir='ltr'>vectiqal‘g</span> <span class='ocrx_word' id='word_1_382' title='bbox 2561 4497 2689 4561; x_wconf 81' lang='lat' dir='ltr'>scil.</span> 
     </span>
    </p>
   </div>
  </div>
 </body>
</html>
