3234 4992
643 234 772 297 130
1633 233 1744 285 cap.
1773 232 1895 273 vm.
1922 244 1968 275 v.
1995 235 2061 274 no.

642 410 1112 481 ἀποκαταστάσει
1181 414 1422 480 πάντων
1493 417 1596 500 (de
1666 416 2061 483 restitutione
2124 417 2407 483 omnium
2426 466 2443 497 ‚
2504 416 2699 483 totius
2768 416 3034 500 universi)

642 521 707 585 et
760 519 836 584 de
891 520 1288 601 παλινγενεσίᾳ
1357 520 1564 603 (rege
1584 538 1723 584 ner
1744 520 1909 586 atio
1930 539 1970 585 n
1991 519 2069 604 e).
2110 560 2115 565 -
2159 519 2538 602 Praeprimis
2602 535 2751 584 vero
2817 518 2890 581 de
2942 518 3037 581 hac

641 639 707 685 re
748 620 1015 703 loquitur
1057 638 1104 685 s.
1150 619 1389 685 Petru
1407 638 1436 684 s
1499 620 1565 683 in
1622 620 1822 685 altera
1881 620 2144 704 epistola
2186 620 2274 704 (3,
2324 620 2422 685 13.
2468 618 2644 704 seq.)‚
2704 618 2817 685 ubi
2868 619 3035 695 docet,

641 722 844 786 coelos
906 724 969 785 et
1026 722 1274 799 terram,
1339 738 1494 803 qua
1549 724 1784 804 parte
1852 721 2509 806 conflagrabant
2568 721 2796 805 igne,
2862 718 3036 802 peri-

639 824 866 887 turos
930 841 1097 898 esse;
1165 840 1286 905 qua
1353 822 1528 906 parte
1588 825 1801 888 autem
1871 823 1950 888 ab
1984 814 2158 906 'igne
2220 839 2344 887 non
2401 821 2851 888 consumentur
2902 819 3034 903 (scil.

641 923 844 1006 quoad
906 922 1372 1008 substantiam),
1428 924 1495 987 in
1555 942 1613 987 m
1638 942 1670 988 e
1692 922 1811 988 liu
1831 942 1861 988 s
1923 926 2319 988 mutatum
2381 922 2523 1001 iri,
2586 940 2749 1005 quae
2804 920 3035 985 mutatio

638 1023 974 1088 secundum
1019 1024 1392 1106 scripturam
1435 1027 1691 1089 vocatur
1734 1043 1763 1087 r
1781 1044 1815 1089 e
1831 1043 1871 1088 n
1888 1042 1924 1087 o
1941 1044 1977 1088 v
1995 1024 2163 1089 atio
2206 1043 2273 1089 m
2289 1042 2331 1088 u
2353 1024 2449 1089 nd
2466 1024 2506 1087 i.

837 1123 910 1188 V.
958 1124 1060 1189 20.
1105 1170 1146 1203 „
1165 1123 1449 1209 Vanitati
1503 1126 1662 1187 enim
1719 1133 2006 1188 creatwra
2048 1122 2317 1215 subjecta
2353 1134 2463 1203 est,
2519 1145 2645 1186 non
2686 1130 2915 1208 sponte,
2952 1120 3036 1184 sed

634 1232 884 1309 propter
909 1246 1063 1304 eum,
1085 1224 1193 1309 qui
1213 1223 1463 1314 subjecit
1495 1224 1604 1289 sub
1640 1230 1807 1310 spef‘
1833 1261 1905 1271 -
1930 1224 2140 1289 Verba
2171 1226 2325 1290 haec
2366 1224 2682 1289 continent
2708 1242 2744 1289 c
2762 1242 2802 1288 a
2818 1242 2861 1287 u
2878 1242 2906 1287 s
2922 1240 3033 1299 am,

636 1344 746 1390 cur
780 1328 1076 1405 creatura,
1121 1326 1382 1391 rationis
1403 1345 1637 1410 expers,
1679 1326 1942 1395 sollicite
1966 1330 2279 1409 exspectet
2299 1324 2749 1392 revelationem
2794 1323 3031 1389 filiorum

633 1426 772 1505 Dei,
818 1426 962 1510 quia
1001 1426 1365 1491 vanitati
1411 1427 1697 1511 subjecta
1740 1431 1854 1492 est.
1904 1464 1985 1474 —-
2044 1426 2208 1507 Quid
2251 1428 2333 1492 sit
2371 1422 2697 1507 ματαιότης
2740 1426 2803 1490 h.
2850 1426 2911 1503 L,
2952 1442 3032 1488 ex-

514 1607 525 1617 ·
633 1526 902 1609 plicatur
981 1546 1036 1591 v.
1098 1526 1199 1591 21.
1258 1546 1367 1611 per
1425 1528 1838 1593 correlatum:
1897 1530 2132 1592 δουλεία
2186 1533 2294 1609 τῆς
2349 1534 2605 1609 φθοραῖς
2670 1525 3030 1611 (servitus

635 1627 1254 1713 corruptionis).
1343 1629 1502 1693 Tota
1544 1630 1769 1693 natura
1822 1630 2149 1695 continuae
2207 1628 2540 1694 mutationi
2583 1627 2649 1691 et
2690 1624 3030 1709 corruptioni

638 1727 900 1794 obnoxia
959 1732 1052 1793 est
1108 1728 1546 1811 (Ecclesiastes
1594 1730 1651 1808 1,
1698 1730 1757 1794 2.-
1805 1728 1949 1815 l4.·)·
2040 1730 2163 1795 Per
2203 1729 2464 1795 verbum
2509 1725 2773 1809 ὑπετάγη
2816 1744 3027 1809 reprae-

634 1831 916 1893 sentatur
934 1826 1251 1911 ματαιότης
1281 1832 1353 1893 ut
1392 1829 1737 1908 domina,
1783 1832 1967 1901 κτίσὶς
1986 1848 2130 1896 vero
2154 1834 2223 1895 ut
2260 1848 2517 1895 serva.
2566 1866 2651 1877 -
2695 1828 2807 1913 οὐχ
2827 1824 3024 1901 ἑκοῦσα,

633 1947 786 1993 non
841 1930 1162 2013 sponte,
1227 1929 1265 1993 i.
1315 1949 1364 1994 e.
1411 1930 1625 1994 invita.
1721 1932 1887 1997 Dum
1946 1930 2127 1995 dicit:
2185 1930 2487 2009 invita,
2546 1930 2791 1995 indicat
2849 1944 3024 1993 veram

634 2048 961 2095 causam
1002 2030 1186 2096 istius
1231 2031 1707 2114 exspectationis
1752 2032 1983 2096 anxiae.
2032 2031 2325 2115 Subjecta
2369 2033 2469 2095 est
2507 2026 3022 2113 corruptioni,

633 2151 700 2196 m
720 2149 756 2197 o
777 2131 889 2196 rti
911 2180 928 2211 ‚
987 2132 1214 2210 invita3
1273 2130 1421 2197 hinc
1481 2120 1769 2197 continuo
1825 2133 2079 2216 aspirat,
2124 2136 2197 2197 ut
2255 2132 2334 2197 ab
2389 2132 2507 2197 hac
2550 2132 2851 2197 servitute
2889 2128 3021 2194 libe-

629 2236 884 2298 raretur.
977 2230 1156 2312 Quod
1212 2235 1454 2311 natura,
1518 2252 1629 2298 seu
1688 2232 1966 2298 creatura
2009 2232 2263 2298 rationis
2329 2251 2565 2316 expers,
2630 2232 2714 2296 in
2729 2231 2809 2297 vi
2826 2233 2855 2294 t
2870 2248 2904 2294 a
2959 2226 3023 2291 sit

633 2333 820 2397 morti
865 2331 1168 2415 subjecta,
1213 2332 1358 2397 inde
1402 2333 1593 2416 patet,
1642 2332 1787 2416 quia
1829 2335 2147 2399 creaturae
2194 2353 2222 2399 s
2242 2333 2612 2398 ensibile
2633 2351 2665 2397 s
2710 2328 3023 2398 renituntur

635 2432 1031 2515 corruptioni,
1078 2432 1282 2511 morti,
1342 2432 1642 2515 illamque
1701 2433 1914 2517 fugere
1972 2435 2229 2500 student
2271 2434 2525 2518 (quippe
2570 2452 2770 2517 quum
2810 2431 3021 2497 natura-

630 2532 774 2597 liter
838 2552 938 2597 res
1001 2550 1277 2615 quaeque
1351 2535 1606 2615 appetat
1686 2534 1997 2600 stabiliter
2061 2536 2459 2618 conservari).
2574 2533 2787 2614 Quum
2849 2546 3019 2595 rerum

630 2636 854 2697 natura
896 2651 934 2697 a
976 2632 1110 2697 Deo
1152 2632 1194 2696 b
1211 2651 1246 2697 o
1264 2651 1306 2697 n
1326 2651 1364 2697 a
1429 2638 1596 2699 esset
1661 2634 1864 2699 creata
1928 2638 1993 2700 et
2055 2654 2461 2718 unaquaeque
2523 2654 2623 2700 res
2687 2632 3020 2699 naturaliter

632 2750 813 2797 suam
861 2734 1116 2817 appetat
1159 2733 1799 2816 perfectionem,
1857 2735 1967 2799 illa
2010 2736 2309 2802 dissensio
2353 2736 2625 2814 interior,
2682 2750 2939 2818 pugna
2972 2729 3019 2792 in

629 2837 852 2899 natura
907 2851 1031 2899 non
1074 2834 1318 2917 poterat
1382 2852 1521 2899 esse
1565 2834 1659 2899 ab
1706 2835 1969 2901 initio.
2061 2836 2225 2901 Huic
2270 2854 2516 2920 pugnae
2557 2834 2855 2911 interiori,
2897 2847 3016 2897 con·

626 2934 849 3001 tinuae.
898 2934 1344 3013 immutationi,
1398 2934 1733 3001 defectioni
1793 2953 1866 3001 ac
1928 2936 2306 3021 corruptioni
2369 2955 2578 3001 rerum
2642 2939 2865 3000 natura
2914 2930 3019 2994 erat

627 3036 928 3120 subjecta,
975 3036 1065 3101 ait
1110 3036 1442 3119 apostolus,
1490 3037 1825 3120 propter
1866 3055 2073 3115 eum,
2119 3036 2251 3120 qui
2295 3034 2669 3120 subjecit
2713 3032 2915 3119 (eam).
2954 3062 3018 3075 --

625 3136 926 3202 Nonnulli
970 3155 1077 3220 per
1119 3134 1216 3199 τὸν
1262 3133 1635 3208 ὑποτάξαντα
1688 3137 2050 3221 intelligunt
2092 3138 2150 3203 D
2166 3157 2254 3203 eu
2272 3158 2335 3202 m
2358 3185 2375 3218 ‚
2434 3138 2542 3219 qui
2584 3138 2882 3218 tanquam
2919 3130 3018 3193 Do-

627 3238 840 3303 minus
902 3237 1183 3303 omnium
1242 3240 1668 3303 creaturarum
1687 3288 1703 3317 ‚
1772 3239 1963 3303 etiam
2026 3241 2335 3317 naturam,
2394 3238 2745 3303 creaturam
2800 3229 3018 3299 rationis

629 3342 962 3420 expertem,
1024 3340 1277 3422 propter
1317 3338 1590 3403 hominis
1651 3342 1976 3422 peccatum
2022 3338 2399 3422 corruptioni
2444 3337 2735 3421 subjecit.
2823 3334 2905 3399 Hi
2939 3330 3016 3395 in-

625 3440 926 3520 terpretes
983 3439 1062 3504 ob
1124 3440 1328 3504 oculos
1388 3439 1624 3504 habent
1681 3440 1866 3505 verba
1918 3440 2047 3518 illa,
2107 3457 2262 3522 quae
2305 3439 2474 3503 Deus
2528 3442 2675 3521 post
2719 3434 3013 3520 peccatum

625 3538 1033 3602 commissum
1077 3540 1158 3603 ad
1199 3539 1517 3604 Adamum
1561 3540 1753 3604 dixit:
1818 3538 2193 3624 „Maledicta
2254 3543 2417 3604 terra
2458 3538 2525 3603 in
2568 3556 2752 3621 opere
2795 3540 2929 3610 tu03
2966 3531 3016 3594 in

625 3636 942 3703 laboribus
989 3638 1276 3704 comedes
1321 3658 1394 3703 ex
1437 3658 1510 3704 ea
1552 3641 1793 3705 cunctis
1840 3640 2056 3706 diebus
2100 3640 2264 3705 vitae
2325 3638 2507 3703 tuae“
2554 3632 2739 3723 (Gen.
2784 3637 2842 3714 3,
2889 3629 3010 3713 17.).

623 3735 866 3817 Quibus
881 3736 1088 3803 verbis
1107 3738 1278 3803 Deus
1301 3758 1508 3804 rerum
1531 3743 1821 3805 naturam
1847 3760 1911 3806 m
1928 3740 2053 3805 ale
2075 3740 2150 3804 di
2167 3757 2201 3804 c
2217 3742 2292 3805 to
2316 3738 2602 3822 subjecit,
2630 3756 2818 3821 quam
2835 3735 3008 3804 homo,

622 3857 817 3923 quum
837 3857 981 3904 cum
1006 3856 1078 3903 ea
1109 3840 1309 3919 quoad
1347 3856 1564 3923 corpus
1601 3841 1969 3925 coniunctus
2006 3840 2261 3925 ejusque
2280 3840 2565 3907 dominus
2610 3856 2685 3903 ac
2729 3856 2834 3903 rex
2876 3831 3010 3897 esset

619 3939 1022 4016 constitutuS‚
1087 3956 1236 4003 suae
1296 3939 1752 4005 inobedientiae
1795 3940 1944 4005 hinc
1998 3944 2061 4005 et
2104 3930 2417 4005 maledicti
2462 3941 2814 4004 consortem
2853 3931 3007 4005 fecit;

626 4042 812 4121 atque
856 4040 934 4105 ab
978 4038 1097 4103 hoc
1142 4042 1422 4122 tempore
1480 4043 1703 4105 natura
1760 4040 2119 4125 ingemiscit
2182 4042 2245 4105 et
2300 4041 2553 4106 rebeUis
2612 4040 2780 4105 facta
2836 4036 2921 4101 est
2956 4031 3007 4093 in

618 4140 958 4217 hominem,
1006 4140 1111 4221 qui
1151 4139 1402 4205 rebellis
1447 4140 1651 4205 factus
1697 4145 1795 4207 est
1838 4142 1903 4205 in
1946 4142 2170 4220 Deum,
2216 4141 2558 4206 Dominum
2602 4159 2807 4206 suum.
2861 4129 3003 4215 Quod

621 4239 1028 4305 maledictum
1088 4240 1343 4324 ejusque
1400 4241 1685 4323 sequelae
1747 4243 1988 4307 tamdiu
2048 4242 2375 4321 durabunt,
2442 4241 2634 4306 donec
2698 4231 3001 4317 redemptio

617 4338 878 4404 humani
944 4341 1185 4425 generis
1251 4344 1685 4407 consummata
1748 4340 1964 4420 fuerit,
2046 4342 2208 4423 quod
2270 4341 2381 4406 fiet
2398 4388 2414 4421 ‚
2483 4340 2727 4426 quando
2790 4346 2999 4418 corpora

617 4439 964 4527 hominum,
1012 4442 1387 4527 corruptioni
1424 4443 1657 4525 erepta,
1702 4440 1781 4504 ad
1804 4441 1999 4507 vitam
2036 4444 2286 4507 aeterne
2326 4442 2662 4527 gloriosam
2696 4430 2990 4519 resurgent
