3234 4992
553 248 680 317 232
1553 241 1665 295 σε».
1691 240 1788 283 xv.
1812 250 1862 281 v.
1888 240 2006 281 8-6.

766 430 840 495 V.
890 431 949 495 3.
995 429 1216 508 „Nam
1257 429 1440 491 etiam
1491 427 1765 493 Christus
1808 449 1930 490 non
1972 424 2092 489 sibi
2130 425 2257 510 ipsi
2284 424 2533 509 placuit
2544 426 2609 503 ‚·“
2662 421 2843 504 quasi
2896 422 2977 484 di-

565 535 772 596 ceret:
815 531 980 595 Nam
1027 530 1218 593 etiam
1267 528 1576 605 ChristuS,
1617 529 1793 611 cujus
1838 528 2189 609 exemplum
2233 525 2411 591 nobis
2455 525 2832 588 imitandum
2868 526 2976 598 est,

567 650 689 697 non
739 633 870 696 suis
916 630 1258 695 commodis
1304 630 1577 707 studuit;
1646 630 1756 694 sed
1798 630 2051 713 propter
2104 646 2214 692 nos
2272 628 2557 693 homines
2617 628 2679 689 et
2740 629 2983 707 propter

565 737 842 797 nostram
891 732 1156 795 salutem
1202 731 1524 795 descendit
1563 731 1640 794 de
1684 731 1894 810 coelia,
1942 748 2179 812 passuS,
2226 727 2554 793 crucifixus
2600 727 2664 790 et
2708 729 2981 790 mortuus

567 835 679 897 est.
742 870 819 883 --
884 830 1118 909 „Sed“,
1184 832 1424 896 scilicet
1487 831 1692 895 studio
1758 831 1989 915 gloriae
2034 829 2241 894 Patris
2306 829 2593 893 coelestis
2657 827 2981 892 hominum

557 950 742 999 causa
796 932 1101 1015 flagravit.
1159 970 1231 979 —-
1282 931 1502 1011 „Sicut
1557 934 1851 1018 script-am
1908 936 2054 1010 esff‘,
2115 931 2412 995 nimirum
2476 930 2543 993 in
2600 929 2849 1011 psalmo
2890 928 2982 991 68.

560 1034 758 1116 (hebr.
806 1034 937 1117 69.)
982 1052 1038 1097 v.
1090 1034 1210 1110 10.,
1258 1034 1363 1116 qui
1427 1035 1707 1117 psalmus
1755 1034 1961 1117 typico
2026 1051 2210 1097 sensu
2282 1031 2837 1114 propheticus
2900 1032 2986 1091 est

555 1135 629 1198 de
672 1134 987 1197 Messia
1029 1132 1133 1215 (cf.
1185 1135 1284 1211 11,
1329 1134 1435 1217 9.).
1528 1134 1733 1199 David
1776 1134 2092 1210 nimirum,
2142 1133 2247 1215 qui
2302 1134 2490 1216 typus
2552 1135 2687 1197 erat
2736 1129 2984 1206 Christi,

560 1254 751 1317 quum
798 1234 999 1298 multa
1043 1237 1294 1316 propter
1337 1234 1643 1300 Jehovam
1689 1252 1911 1317 passus
1973 1236 2136 1297 esset
2194 1234 2273 1297 ab
2320 1233 2709 1309 adversariis,
2762 1232 2982 1313 implo-

559 1354 703 1399 rans
747 1334 1046 1398 auxilium
1093 1335 1225 1417 ejus
1269 1335 1334 1399 in
1379 1336 1508 1401 suis
1569 1335 2053 1412 calamitatibus,
2114 1335 2299 1399 dicit:
2359 1333 2706 1414 „Convicia
2770 1356 2987 1410 eorum,

559 1437 666 1521 qui
727 1436 1146 1499 conviciantur
1211 1435 1340 1515 tibi,
1406 1436 1749 1500 ceciderunt
1811 1457 1993 1522 super
2054 1457 2147 1499 mc
2162 1441 2228 1516 ‚·“
2294 1436 2471 1519 quasi
2530 1435 2801 1500 diceret:
2866 1434 2989 1498 Tua

559 1554 764 1614 causa,
810 1554 845 1600 o
891 1535 1080 1614 Deu8,
1147 1537 1325 1620 impii
1382 1538 1664 1603 homines
1723 1537 2119 1602 contumeliis
2180 1555 2283 1600 me
2340 1536 2699 1601 affecerunt.
2798 1534 2987 1601 Sensu

555 1642 768 1702 autem
835 1637 1327 1703 eminentissimo
1392 1637 1580 1702 verba
1646 1639 1801 1702 haec
1868 1639 2399 1721 complementum
2468 1638 2657 1702 nacta
2726 1638 2882 1701 sunt
2930 1636 2988 1699 in

560 1737 932 1813 Christ03
972 1756 1119 1802 nam
1164 1738 1299 1820 ipse
1345 1739 1588 1804 divinae
1647 1739 1737 1803 rei
1799 1756 2003 1815 causa,
2069 1745 2142 1801 ut
2194 1738 2544 1803 humanum
2601 1756 2809 1821 genus
2856 1755 2986 1800 cum

554 1841 710 1903 irato
758 1837 888 1903 Deo
951 1839 1401 1918 reconciliaret,
1465 1857 1716 1903 summa
1761 1840 2039 1904 convicia
2100 1840 2165 1903 et
2222 1839 2635 1903 contumelias
2697 1837 2989 1903 sustinuit

557 1941 777 2019 (Hebr.
825 1941 923 2018 12,
969 1940 1074 2025 2.).

752 2041 830 2106 V.
876 2042 934 2105 4.
981 2039 1434 2126 „Quaecunque
1475 2042 1634 2105 enim
1676 2050 1861 2105 antea
1902 2043 2135 2127 scripta
2194 2047 2396 2119 sunt‘ss
2456 2040 2762 2105 nimirum
2808 2040 2877 2103 in
2916 2038 2984 2103 V.

556 2142 665 2218 Τ.;
714 2162 822 2207 seu
866 2159 1083 2221 omnes
1128 2143 1343 2207 literae
1401 2144 1632 2207 veteris
1679 2142 2085 2208 Testamenti.
2134 2180 2219 2189 —
2264 2141 2415 2221 „Ad
2474 2150 2757 2205 nostram
2818 2139 2986 2203 disci-

545 2242 796 2327 plinam
859 2244 1092 2327 scripta
1154 2250 1355 2321 sant‘ss
1424 2245 1464 2309 i.
1513 2264 1563 2307 e.
1622 2246 1700 2308 ad
1756 2249 2039 2310 nostram
2096 2244 2567 2309 instructionem
2637 2241 2988 2323 conscripta

555 2347 717 2407 sunt.
808 2343 1033 2407 Verbis
1078 2344 1270 2426 igitur
1312 2344 1498 2426 hujus
1545 2364 1759 2409 versus
1828 2345 1937 2409 dat
1996 2345 2415 2409 rationem
2464 2344 2654 2428 (γὰρ),
2706 2362 2823 2407 cur
2865 2342 2985 2406 loco

555 2443 890 2525 scripturae
949 2463 1019 2521 3.,
1079 2445 1184 2526 qui
1246 2446 1321 2508 de
1367 2444 1613 2511 Christo
1676 2447 1830 2529 agit,
1891 2465 2043 2510 usus
2108 2446 2191 2510 sit
2252 2447 2330 2509 ad
2391 2448 2669 2511 nostram
2729 2445 2985 2509 instruc-

555 2542 810 2620 tionem,
857 2544 1000 2624 quia
1045 2545 1172 2608 scil.
1222 2548 1356 2608 tota
1401 2547 1707 2628 scriptura
1744 2547 1825 2611 ad
1865 2550 2145 2611 nostram
2171 2547 2652 2611 instructionem
2703 2545 2981 2609 ordinata

557 2645 671 2706 est.
719 2676 794 2689 -—
845 2690 882 2720 „
902 2644 981 2707 Ut
1010 2665 1131 2728 per
1160 2646 1533 2730 patientiam
1576 2656 1633 2708 et
1674 2645 2140 2711 consolationem
2183 2648 2656 2732 scripturarum,
2702 2668 2873 2731 spem
2892 2646 2984 2707 ha-

557 2741 800 2805 beamus
813 2748 878 2823 ;“
922 2744 1099 2825 quasi
1145 2746 1405 2809 diceret:
1451 2746 1539 2811 Ut
1585 2748 1884 2812 nimirum
1928 2764 2038 2831 per
2083 2749 2476 2831 patientiam,
2524 2750 2604 2812 ad
2641 2766 2840 2829 quam
2882 2764 2983 2809 nos

557 2844 898 2926 scripturae
961 2863 1170 2909 sacrae
1229 2848 1435 2912 verbis
1494 2851 1556 2911 et
1619 2850 1917 2932 exemplis
1973 2850 2338 2926 hortantur,
2402 2853 2465 2914 et
2524 2868 2634 2933 per
2701 2848 2981 2914 consola-

558 2947 813 3037 tionem,
860 2965 1048 3028 quam
1095 2948 1280 3012 effata
1323 2949 1454 3031 ejus
1498 2950 1676 3014 nobis
1721 2953 2035 3033 praebent,
2099 2952 2310 3015 futura
2367 2959 2431 3015 et
2486 2954 2745 3015 aeterna
2811 2966 2983 3031 prae·-

555 3048 684 3111 mia
727 3049 1165 3130 promittendo,
1215 3068 1391 3132 spem
1435 3049 1780 3115 habeamus
1840 3071 2051 3117 eorum
2096 3052 2521 3135 praemiorum
2581 3070 2696 3115 seu
2756 3048 2983 3134 gloriae

555 3152 862 3213 aeternae.
907 3186 992 3196 -—
1037 3150 1432 3233 „Scripturae
1481 3152 1742 3230 scilicet,
1805 3154 1899 3218 uti
1944 3154 2102 3218 bene
2148 3154 2431 3218 observat
2475 3152 2803 3230 Estius,
2849 3151 2981 3215 hor-

551 3250 763 3313 tantur
805 3250 883 3313 ad
927 3250 1318 3333 patientiam,
1365 3256 1427 3316 et
1472 3254 1959 3319 consolationem
1985 3259 2354 3338 suggerunt,
2402 3274 2527 3319 non
2572 3255 2782 3318 solum
2832 3268 2977 3317 mo-

551 3348 804 3427 nitis,
873 3352 981 3414 sed
1026 3352 1218 3415 etiam
1283 3354 1616 3436 propositis
1686 3352 1764 3419 ob
1830 3355 2040 3419 oculos
2106 3355 2514 3437 exemplis
2580 3373 2820 3433 corum,
2885 3351 2981 3433 qui

553 3448 686 3511 Deo
731 3450 1111 3531 placuerunt,
1161 3454 1423 3518 maxime
1472 3454 1790 3520 Christi
1834 3456 2149 3521 Domini.“
2220 3455 2547 3521 Genitivus
2582 3464 2710 3520 ταῖς·
2745 3460 2980 3539 γραφῶν

551 3548 818 3630 pertinet
859 3553 995 3613 tum
1040 3552 1118 3616 ad
1162 3572 1375 3618 vocem
1420 3555 1743 3637 ὑπομονῆς,
1787 3562 1926 3621 tum
1969 3558 2048 3621 ad
2088 3560 2199 3638 τῆς
2240 3556 2681 3639 παρακλήσεως-

753 3647 828 3712 V.
875 3653 933 3713 ὁ.
980 3651 1195 3729 „Deus
1237 3666 1436 3720 autem
1466 3660 1811 3742 patientiae
1852 3667 1908 3721 et
1950 3658 2446 3738 consolationis&
2490 3660 2732 3725 scilicet
2766 3664 2977 3725 auctor

550 3752 613 3811 et
658 3748 932 3832 largitor.
1020 3752 1209 3817 Hisce
1255 3757 1588 3839 significat,
1653 3758 1885 3823 donum
1932 3779 2061 3825 esse
2107 3760 2435 3825 divinae
2480 3762 2853 3843 gratiae,
2913 3762 2978 3823 ut

549 3868 764 3931 reapse
831 3849 1172 3915 habeamus
1236 3858 1625 3938 patientiam,
1691 3861 1770 3925 ad
1836 3879 2025 3943 quam
2094 3862 2437 3943 scripturae
2498 3863 2851 3940 hortantur,
2918 3865 2976 3923 et

559 3950 1063 4028 consolationem,
1123 3970 1310 4034 quam
1370 3961 1621 4024 eaedem
1680 3961 1861 4026 nobis
1914 3962 2228 4043 praebent.
2302 3998 2376 4008 -
2442 3964 2612 4044 „Det
2668 3962 2857 4042 vobis,
2912 3970 2976 4025 ut

552 4048 714 4111 idem
755 4050 915 4113 inter
958 4073 1063 4113 vos
1125 4056 1401 4120 sentiatis
1455 4062 1778 4125 secundum
1820 4062 1879 4127 J
1871 4084 2032 4126 esum
2082 4062 2454 4128 Christum.“
2544 4064 2699 4130 Vult
2744 4065 2972 4129 dicere:

551 4150 676 4215 Det
742 4151 952 4230 vobis,
1020 4154 1649 4224 ethnico-christianis
1716 4166 1778 4226 et
1840 4162 1884 4227 J
1886 4165 2498 4243 udaeo-christianiS,
2568 4167 2641 4230 ut
2711 4164 2969 4230 sublatis

551 4250 678 4314 illis
725 4253 799 4315 de
845 4252 1088 4337 legibus
1132 4257 1462 4325 ritualibus
1508 4263 2018 4339 contentionibuS,
2079 4284 2276 4329 unum
2335 4267 2629 4350 idemque
2688 4265 2965 4332 sentiatis

554 4354 893 4418 secundum
940 4358 1324 4424 voluntatem
1371 4360 1524 4429 Jesu
1571 4359 1817 4426 Christi.
1867 4400 1947 4411 ——
1991 4362 2123 4446 δᾳίη
2167 4366 2370 4431 forma
2411 4368 2807 4433 hellenistica
2863 4382 2965 4449 pro

553 4454 704 4545 ῥοίη.
794 4458 850 4529 ἐν
895 4455 1188 4551 ἀλλήλοις,
1253 4460 1415 4525 inter
1471 4478 1600 4540 VQS,
1668 4462 1706 4538 i,
1769 4482 1818 4527 e.
1880 4465 1946 4533 in
2003 4470 2186 4539 coetu
2251 4471 2496 4549 vestr03
2565 4488 2721 4539 uon:
2787 4484 2966 4551 erga
