3234 4992
569 187 653 252 80
1597 181 1709 230 0⁸1³.
1736 180 1791 221 V.
1819 191 1863 220 v.
1891 181 1955 220 12.

569 369 796 436 ticulae
819 366 1203 434 causativae:
1248 366 1438 449 quia
1477 367 1610 432 vel:
1656 385 1773 445 eo,
1818 367 2056 451 quod,
2099 367 2197 432 uti
2217 366 2284 431 in
2306 366 2507 431 altera
2530 363 2611 430 ad
2634 362 2973 429 Corinthios

571 469 834 554 epistola
877 467 964 552 (5,
1007 469 1120 554 4.),
1163 468 1274 533 ubi
1293 547 1298 552 ,
1317 468 1631 552 apostolus
1675 467 1752 532 de
1794 470 1996 533 morte
2038 467 2103 532 et
2142 467 2587 533 resurrectione
2646 464 2967 543 disserens,

571 571 757 637 dicit:
821 569 1025 654 „Nam
1069 572 1151 648 et,
1195 569 1303 651 qui
1366 587 1584 634 sumus
1646 568 1713 634 in
1775 569 1895 634 hoc
1957 568 2357 634 tabernaculo
2424 567 2589 649 (scil.
2656 564 2969 649 corporis),

567 671 1036 756 ingemiscimus
1079 669 1336 754 gravati,
1381 666 1472 752 ἐφ’
1519 668 1572 747 φ’
1608 667 1715 732 οὐκ
1756 671 2008 748 θέλομεν
2050 667 2425 732 ἐκδύσασθαι
2434 668 2487 748 “,
2534 667 2697 751 quod
2722 665 2980 750 Vulgata

576 777 744 839 recte
783 773 1004 838 vertit:
1049 791 1165 850 eo,
1211 773 1423 854 quod
1466 773 1759 838 nolumus
1780 770 2124 854 exspoliari.
2170 769 2293 854 (Cf.
2319 770 2483 835 Phil.
2509 770 2569 848 3,
2596 769 2710 847 123
2756 767 2819 845 4,
2845 767 2981 850 10.).

570 874 736 940 Hinc
779 875 843 938 et
881 873 942 938 h.
987 874 1030 939 l.
1075 871 1169 954 ἐφ’
1213 873 1285 951 qi,
1328 873 1490 956 quod
1531 872 1701 937 idem
1742 871 1913 936 valet
1954 889 2059 936 ac:
2104 869 2203 932 ἐπὶ
2244 869 2455 948 τούτῳ,
2502 870 2613 946 ότι,
2656 887 2768 933 seu
2824 863 2980 944 διότι,

573 975 949 1040 reddendum
995 977 1092 1039 est
1133 992 1275 1057 per:
1322 992 1439 1053 eo,
1484 972 1726 1056 quod,
1771 991 1915 1038 sou:
1958 971 2182 1055 quia3
2226 973 2355 1052 ned,
2400 971 2493 1038 uti
2514 990 2585 1036 ex
2613 967 2979 1054 expositione

572 1096 630 1142 v.
679 1076 776 1141 13.
823 1075 887 1140 et
931 1075 1030 1140 14.
1093 1075 1240 1139 data
1303 1074 1522 1152 elucet,
1589 1075 2000 1158 supplendum
2064 1077 2165 1140 est
2228 1074 2453 1139 simul:
2518 1072 2603 1138 ’m
2668 1089 2795 1151 eo,
2861 1069 2977 1135 scil.

563 1176 838 1252 ‘Adamo.
879 1213 944 1222 —
987 1173 1279 1240 Omnes
1319 1177 1902 1258 peccaverunt,
1933 1174 2234 1240 nimirum
2256 1172 2621 1257 perAdami
2642 1173 2980 1256 peccatum,

573 1281 876 1360 quatenus
918 1279 1231 1342 consortes
1271 1275 1424 1340 facti
1466 1277 1611 1340 sunt
1653 1273 1912 1357 peccati,
1974 1275 2139 1357 quod
2180 1273 2500 1340 commisit
2556 1273 2866 1336 AdamuS.
2906 1307 2980 1318 —

573 1379 869 1443 Errant
909 1377 1272 1460 interpretes
1313 1375 1733 1441 rationalistae
1787 1375 1963 1460 (cum
2004 1375 2391 1460 Pelagio),
2462 1375 2614 1438 dum
2678 1374 2758 1437 de
2827 1389 2982 1457 pro·

574 1480 785 1562 prio,
846 1477 1308 1562 personali,
1376 1477 1695 1542 actuali
1736 1476 2018 1560 cujusvis
2058 1477 2333 1542 hominis
2376 1477 2629 1560 peccato
2672 1475 2785 1540 hic
2850 1491 2979 1557 apo-

579 1578 812 1644 stolum
875 1578 1047 1661 loqui
1101 1577 1476 1656 existimant,
1541 1577 1839 1660 tanquam
1884 1578 1960 1643 de
2024 1596 2167 1642 cau
2186 1595 2303 1656 sa,
2370 1577 2449 1643 ob
2510 1594 2703 1659 qnam
2770 1574 2981 1658 singuli

575 1681 640 1744 et
680 1697 896 1744 omnes
936 1678 1219 1744 homines
1265 1677 1623 1742 moriantur.
1711 1678 1876 1743 Nam
1916 1675 2267 1761 ἁμαρτάνειν
2310 1679 2373 1742 11.
2418 1679 2460 1742 1.
2518 1677 2721 1760 accipi
2786 1675 2979 1758 nequit

577 1779 654 1844 de
698 1779 1045 1859 actuali,
1090 1778 1424 1863 proprio
1471 1778 1743 1862 cujusvis
1785 1779 2057 1846 hominis
2100 1769 2372 1863 peccato,
2440 1778 2553 1843 sed
2617 1775 2975 1843 sumendum

577 1882 674 1944 est
715 1880 792 1945 de
835 1882 1207 1964 peccato,
1279 1878 1456 1962 cujus
1519 1882 1833 1944 consortes
1895 1879 2046 1944 facti
2108 1882 2254 1944 sunt
2316 1897 2533 1944 omnes
2601 1879 2668 1943 in
2746 1881 2810 1942 et
2852 1893 2978 1941 cum

580 1979 844 2061 Adamo‚
889 1983 1187 2064 tanquam
1233 1980 1330 2045 sui
1371 1980 1613 2064 generis
1656 1979 1855 2063 capite
1898 1982 1963 2044 et
1984 1979 2256 2064 parente,
2301 1979 2398 2044 uti
2426 1996 2639 2045 omnes
2662 1997 2749 2044 ss.
2777 1978 2979 2043 Patres

580 2099 703 2146 uno
729 2098 1028 2148 consensu
1049 2081 1496 2146 intellexerunt.
1542 2079 1711 2145 Nam
1733 2100 1791 2146 v,
1820 2082 1916 2146 14.
1939 2081 2074 2164 ipse
2095 2082 2417 2172 apostolus
2441 2081 2611 2159 dicit,
2658 2100 2723 2145 m
2742 2099 2822 2146 or
2838 2082 2909 2143 te
2926 2095 2980 2141 m

584 2201 884 2266 regnasse
927 2182 1115 2248 etiam
1139 2202 1322 2267 snper
1345 2199 1471 2264 eos,
1515 2182 1622 2264 qui
1664 2201 1811 2247 non
1857 2181 2417 2266 peccaverunt
2459 2181 2737 2246 simili
2780 2197 2979 2264 prae-

578 2283 1140 2362 varicatione,
1207 2283 1301 2348 uti
1342 2283 1569 2348 Adam.
1662 2282 1728 2348 Si
1771 2284 1903 2350 loco
1969 2288 2178 2349 nostro
2243 2282 2561 2360 edixisset,
2627 2281 2977 2367 propria,

581 2383 989 2463 actualia,
1033 2383 1502 2467 personalia
1543 2388 1798 2468 peccata
1839 2384 2121 2450 omnium
2143 2384 2471 2449 hominum
2497 2401 2632 2448 esse
2674 2397 2977 2447 causam

579 2483 1062 2549 universalitatis
1108 2483 1345 2564 mortis,
1408 2486 1545 2548 tum
1603 2484 1672 2548 in
1726 2485 1871 2564 illis,
1938 2484 2013 2548 de
2078 2484 2300 2567 quibus
2341 2503 2401 2552 v,
2450 2483 2549 2548 14.
2598 2483 2794 2548 dicit:
2857 2479 2979 2563 qui

579 2601 739 2648 non
802 2587 1345 2668 peccaverunt
1408 2583 1671 2649 simili
1713 2586 2478 2668 praevaricatione,
2546 2584 2636 2650 ut
2678 2583 2975 2658 Adam“‚

581 2683 671 2748 nil
713 2683 956 2763 fuisset,
1002 2685 1080 2750 ob
1125 2685 1287 2769 quod
1332 2683 1518 2749 morti
1556 2686 1764 2749 essent
1804 2684 2085 2763 obnoxii3
2131 2685 2283 2751 dicit
2316 2688 2549 2765 autem,
2592 2683 2976 2750 nihilominus

578 2784 661 2849 in
703 2803 834 2851 eos
878 2785 1126 2851 etiam
1170 2785 1436 2850 mortem
1479 2803 1809 2868 regnasse;
1872 2785 2019 2850 hinc
2066 2786 2146 2851 ob
2208 2786 2377 2851 aliud
2422 2787 2487 2850 id
2531 2786 2818 2851 evenisse
2858 2801 2977 2848 cen-

579 2886 837 2951 sendum
876 2889 994 2968 est,
1035 2905 1261 2970 nempe
1304 2886 1380 2951 ob
1426 2886 1602 2963 illud,
1649 2887 1813 2970 quod
1857 2885 2139 2953 Adamus
2181 2887 2425 2971 generis
2468 2887 2736 2952 humani
2797 2885 2975 2968 caput,

579 3005 802 3071 parens
848 2990 911 3052 et
951 2988 1123 3053 radix
1165 2988 1578 3053 commiserat.
1627 2987 1971 3067 Praeterea,
2019 2988 2071 3053 si
2094 2988 2159 3053 in
2180 3006 2326 3054 voce
2370 2988 2632 3070 ἠμαρτον
2676 2985 2975 3071 apostolus

581 3089 920 3173 cogitasset
963 3088 1039 3153 de
1083 3092 1333 3172 peccato
1378 3088 1734 3167 actuali,
1780 3088 2160 3172 singulorum
2203 3090 2465 3173 proprio,
2512 3106 2634 3172 quo
2680 3087 2977 3154 Adamum

584 3191 893 3272 peccando
934 3189 1332 3255 imitante
1352 3208 1383 3254 s
1403 3238 1418 3268 ,
1450 3190 1522 3254 ‚ei
1565 3191 1806 3256 similes
1849 3189 2073 3255 redditi
2115 3194 2339 3272 essent,
2384 3195 2449 3256 et
2492 3209 2633 3274 quo,
2682 3191 2848 3256 sicut
2886 3185 2975 3251 ille

585 3308 716 3369 suo,
761 3294 1028 3356 mortem
1070 3295 1371 3373 tanquam
1419 3307 1684 3375 poenam
1729 3291 2187 3371 contraxissent,
2234 3311 2358 3358 non
2382 3292 2686 3376 potuisset
2732 3290 2811 3356 ab
2853 3303 2977 3371 apo·

585 3391 741 3455 stolo
786 3391 906 3456 dici
949 3391 1262 3475 (certeque
1304 3392 1510 3477 inepte
1555 3393 1791 3459 dictum
1835 3391 2082 3475 fuisset)
2147 3394 2310 3476 quod
2380 3394 2532 3458 dicit
2598 3389 2973 3476 sequentibus

585 3489 886 3569 versibus,
930 3511 988 3556 v,
1036 3492 1150 3556 15:
1215 3493 1454 3558 unius
1489 3494 1807 3559 delicto
1873 3494 2061 3558 multi
2129 3494 2359 3559 mortui
2402 3495 2625 3573 sunt“;
2673 3531 2758 3540 —
2798 3511 2851 3557 v.
2895 3487 2975 3552 17.

587 3591 868 3674 „unius
913 3592 1216 3658 delicto
1260 3611 1427 3659 mors
1471 3595 1754 3678 regnavit
1797 3613 1908 3677 per
1948 3595 2219 3672 unum“;
2285 3613 2342 3659 ν.
2392 3595 2489 3660 19.
2555 3614 2707 3678 „per
2760 3591 2975 3658 unius

577 3691 1260 3758 inobedientiam
1328 3694 1675 3776 peccatores
1743 3695 2071 3760 constituti
2114 3696 2262 3760 sunt
2324 3695 2571 3760 multi“.
2663 3694 2978 3760 Causam

583 3791 865 3858 miseriae
906 3792 1234 3858 hominum
1275 3793 1381 3858 hic
1425 3794 1574 3860 dicit
1614 3795 2036 3873 Adamum,
2109 3814 2231 3861 non
2290 3796 2775 3880 exemplum,
2836 3787 2975 3875 quod

582 3893 885 3959 imitando
949 3892 1164 3957 miseri
1227 3893 1492 3960 fuissent
1553 3895 1799 3961 redditi.
1862 3930 1935 3942 -
1982 3895 2261 3961 Tandem
2326 3897 2449 3962 ista
2514 3897 2687 3962 verbi
2746 3893 2975 3978 ἥμαρτον

583 3994 907 4078 explicatio
974 4011 1223 4076 prorsus
1284 3994 1723 4062 inconveniens
1790 3999 1886 4061 est
1950 4015 1987 4061 a
2005 3997 2134 4062 nti
2156 3998 2238 4062 th
2256 4016 2289 4061 e
2308 3997 2419 4076 si,
2500 4015 2623 4080 qua
2686 3993 2974 4081 apostolus

584 4095 830 4160 Adamo
873 4094 1127 4178 opponit
1171 4093 1510 4161 Christum.
1556 4096 1651 4161 De
1696 4095 2023 4163 Christo
2068 4098 2218 4164 dicit
2242 4102 2324 4178 (ν.
2369 4098 2533 4182 17.);
2576 4097 2680 4160 διὰ
2724 4100 2829 4160 τοῦ
2866 4091 2975 4159 ἕνας

579 4194 772 4277 Ἰησου
815 4201 934 4278 Χρ.
981 4196 1070 4278 (et
1113 4196 1346 4261 similia
1386 4215 1444 4262 v.
1494 4197 1588 4262 18.
1638 4200 1702 4261 et
1747 4197 1892 4280 19.),
1938 4198 2182 4280 quibuS,
2225 4199 2321 4263 uti
2363 4200 2602 4264 nemini
2666 4200 2969 4265 obscurum

584 4315 658 4362 ac
700 4297 1004 4364 incertum
1049 4317 1188 4364 esse
1232 4298 1471 4382 potest,
1539 4297 1629 4361 nil
1673 4296 1844 4361 aliud
1890 4297 2090 4378 edicit,
2158 4317 2379 4382 quam:
2447 4300 2783 4366 auctore
2840 4295 2971 4361 Jesu

587 4398 832 4465 Christo
877 4400 1170 4484 tanquam
1218 4417 1305 4466 ca
1324 4417 1465 4463 usa
1520 4397 1808 4484 cogitate,
1855 4398 2415 4464 reconciliationem
2454 4400 2885 4484 justitiamque
2922 4388 2973 4452 eli
