3234 4992
1136 227 1249 281 cap.
1275 228 1398 273 vm.
1425 238 1470 269 v.
1497 229 1649 271 111-11
1666 254 1680 269 .
2505 223 2622 296 127

189 416 258 481 111
296 416 690 482 clamemus:
735 416 991 495 Abba,
1038 420 1288 501 pater.
1313 453 1421 499 ⁸—
1461 417 1636 481 Haec
1680 416 1799 481 duo
1845 414 2163 493 vocabula,
2208 414 2376 477 idem
2417 413 2609 497 signi-

188 518 456 596 ficantia,
519 519 846 602 apostolus
901 536 1026 585 non
1068 520 1159 585 ita
1201 518 1529 602 conjunxit,
1577 537 1649 583 ac
1691 518 1744 583 si
1786 519 2050 583 alterum
2097 515 2390 599 (pater)
2454 532 2627 579 mera

189 622 350 685 esset
412 620 1026 704 interpretatio
1083 620 1369 686 vocabuli
1427 619 1907 703 syrochaldaici3
1974 618 2082 683 sed
2140 635 2388 683 causa
2442 616 2625 680 istius

185 721 652 806 conjunctionis
695 738 947 803 prorsus
1007 722 1132 788 alia
1176 726 1292 787 est.
1379 722 1546 787 Voce
1591 720 1821 786 Abba
1863 720 2077 785 orabat
2120 717 2423 794 Christus,
2483 718 2627 782 uni-

185 822 432 906 genitus
481 824 613 889 Dei
656 822 874 901 Filius,
919 824 987 887 in
1035 823 1253 903 diebus
1297 823 1500 889 carnis
1546 840 1695 887 suae
1738 821 1954 904 (Hebr.
2000 820 2060 898 5,
2110 819 2217 905 7.),
2275 819 2316 883 i.
2364 837 2414 883 e.
2464 821 2628 882 tem-

185 942 324 1005 pore
373 942 532 989 suae
581 924 751 989 vitae
795 924 1124 1003 terrestris,
1187 924 1266 989 ad
1308 924 1560 988 Patrem
1607 942 1793 988 suum
1840 921 2055 1004 (Marc.
2106 922 2205 997 14,
2252 920 2418 1002 36.);
2481 937 2627 983 voce

186 1024 410 1089 Abba
457 1025 666 1090 etiam
705 1025 1167 1109 discipulos
1214 1042 1358 1090 suos
1401 1024 1613 1089 docuit
1651 1042 1823 1089 orare
1859 1021 2112 1107 (Matth.
2154 1022 2213 1098 6,
2261 1020 2369 1103 9.).
2421 1017 2628 1098 Quum

187 1126 314 1207 jam
382 1124 772 1209 Spiritus
839 1126 1017 1210 ejus
1082 1126 1323 1192 habitet
1396 1126 1462 1191 in
1527 1125 1811 1191 cordibus
1895 1123 2403 1199 christianorum,
2475 1138 2627 1202 quos

186 1226 492 1291 fratres
543 1245 695 1294 suos
742 1229 1032 1311 appellat,
1081 1228 1272 1292 etiam
1317 1245 1448 1306 nos,
1495 1228 1566 1291 ut
1615 1226 1941 1291 veritatem
1986 1222 2335 1307 adoptionis
2381 1222 2625 1287 nostrae

192 1327 604 1407 1100101οω110,
667 1328 832 1393 sicut
888 1329 1022 1412 ipse
1069 1346 1179 1395 nos
1244 1329 1472 1406 docuit,
1537 1328 1669 1411 ejus
1729 1328 1909 1411 ling
1931 1345 2021 1391 ua
2066 1324 2379 1407 similique
2424 1322 2627 1387 animi

191 1427 408 1493 affectu
454 1432 522 1493 et
569 1428 750 1494 filiali
787 1447 931 1494 cum
954 1429 1179 1493 fiducia
1210 1430 1288 1493 ad
1324 1429 1456 1512 ejus
1479 1429 1753 1505 Patrem,
1800 1431 2097 1511 tanquam
2122 1425 2202 1490 ad
2240 1428 2541 1490 nostru
2563 1441 2626 1485 m

192 1532 546 1610 patrem,
598 1531 990 1595 clamamus:
1035 1529 1300 1609 Abba,
1347 1531 1418 1594 ut
1449 1530 1563 1595 tali
1587 1531 1766 1594 modo
1787 1529 1925 1612 ipsa
1966 1544 2147 1605 vox,
2196 1544 2317 1608 qua
2341 1524 2628 1590 Christus

193 1629 266 1693 ad
305 1630 574 1697 Patrem
641 1632 876 1709 orabat,
942 1632 1120 1695 sonet
1178 1649 1288 1714 per
1334 1630 1546 1696 omnia
1587 1631 1886 1713 tempora.
1939 1666 2009 1675 —
2059 1626 2093 1691 ὁ
2136 1624 2328 1709 πατήρ
2376 1630 2472 1693 est
2516 1643 2627 1689 no-

200 1730 541 1797 minativus
601 1752 750 1798 cum
807 1732 1068 1797 articulo
1128 1750 1236 1815 pro
1281 1731 1662 1796 vocativo
1724 1731 1827 1814 (cf.
1894 1730 2123 1795 Matth.
2172 1730 2271 1807 11,
2316 1728 2416 1792 26.
2464 1728 2613 1799 Luc.

197 1831 288 1910 18,
334 1832 490 1919 11.).
552 1870 636 1881 —-
697 1833 972 1898 Verbum
1031 1829 1264 1915 κράζειν
1324 1832 1636 1916 exprimit,
1694 1831 2181 1915 appellationem
2239 1829 2431 1895 istam
2490 1828 2624 1891 fieri

201 1932 554 2001 vehementi
602 1935 797 2000 animi
841 1935 1086 1999 affectu.

395 2035 475 2101 V.
548 2036 648 2101 16.
717 2036 901 2121 „lp-36
966 2033 1239 2121 Spiritus
1302 2035 1553 2119 spiritui
1614 2042 1819 2097 nostro
1884 2041 2270 2112 contestatur,
2331 2053 2441 2095 nos
2512 2052 2635 2094 csse

203 2131 412 2200 liberos
471 2138 668 2202 Dei.“
753 2137 953 2203 Priori
1009 2157 1190 2203 versu
1249 2136 1484 2201 dixerat
1544 2136 1880 2220 apostolus,
1943 2137 2206 2200 lectores
2265 2133 2629 2199 christianos

205 2238 508 2320 accepisse
573 2238 984 2322 Spiritum
1043 2237 1558 2322 adoptioniS,
1627 2238 1811 2319 atque
1871 2238 1989 2301 1100
2050 2235 2285 2319 Spiritu
2345 2236 2633 2300 movente

215 2338 272 2398 et
314 2339 630 2405 excitante
673 2338 934 2423 impelli,
979 2340 1185 2404 Deum
1229 2340 1542 2423 appellare
1599 2342 1860 2421 patrem.
1953 2337 2131 2403 Sicut
2169 2338 2307 2421 jam
2350 2337 2452 2401 hic
2495 2336 2637 2400 im-

207 2439 498 2517 pulsus
561 2442 837 2520 interior,
883 2440 1089 2505 Deum
1133 2440 1486 2524 appellandi
1539 2442 1805 2522 patrem,
1865 2440 2297 2505 testimonium
2341 2442 2455 2516 est,
2516 2454 2631 2502 nos

210 2555 332 2603 esse
376 2542 706 2608 liberos
751 2542 964 2627 (filios)
1008 2541 1143 2619 Dei,
1205 2542 1296 2606 ita
1337 2540 1608 2622 idipsum
1670 2544 1936 2605 testatur
1978 2540 2246 2624 Spiritus
2293 2560 2341 2605 s,
2392 2538 2639 2622 spiritui

215 2642 434 2709 nostro.
503 2644 790 2709 Verbum
837 2649 1258 2724 συμμαρτυρεῖν
1301 2642 1360 2706 11.
1411 2642 1451 2705 l.
1499 2659 1623 2706 non
1667 2641 1859 2707 habet
1904 2641 2418 2725 significationem
2463 2640 2638 2705 verbi

214 2738 624 2825 simplicis
671 2742 1061 2829 (μαρτυρεῖν);
1108 2742 1460 2821 testari,
1507 2743 2087 2808 testimonium
2132 2743 2492 2820 reddere,
2545 2741 2640 2805 uti

215 2837 480 2926 Vulgata
525 2844 732 2925 vertit,
780 2848 888 2911 sed
931 2848 1139 2910 notat:
1186 2862 1529 2909 unacum
1577 2845 1921 2921 testari,
1979 2844 2069 2908 ita
2125 2847 2197 2908 ut
2242 2861 2464 2907 sensus
2514 2842 2633 2907 sit:

214 2938 308 3005 Ad
347 2946 784 3012 testimonium
832 2946 1084 3029 spiritus
1113 2945 1312 3011 nostri
1357 2944 1597 3009 accedit
1645 2944 2221 3010 testimonium
2267 2943 2637 3028 Spiritus

218 3049 500 3113 sancti.
551 3049 1010 3113 Testimonium
1045 3048 1182 3125 hoc,
1231 3046 1515 3129 quamvis
1563 3048 1643 3111 in
1689 3066 1769 3112 se
1815 3044 2234 3111 certissimum
2274 3044 2375 3123 sit,
2423 3044 2636 3108 tamen

217 3148 438 3213 nemini
485 3168 720 3227 eorum,
769 3150 992 3232 quibus
1029 3150 1183 3215 illud
1224 3149 1423 3227 datur,
1470 3149 1560 3213 ita
1583 3152 1751 3213 certo
1777 3148 2097 3232 cognitum
2135 3147 2249 3225 est,
2293 3150 2364 3211 ut
2406 3146 2636 3227 absque

219 3249 459 3327 speciali
496 3252 868 3317 revelatione
911 3251 1058 3315 hinc
1103 3249 1614 3316 certitudine
1656 3249 1869 3314 fidei
1914 3247 2292 3333 (unfehlbar)
2334 3246 2629 3330 colligere

217 3350 403 3426 possit
447 3355 562 3417 0111
607 3353 846 3431 debeat,
895 3371 962 3417 se
998 3370 1129 3416 esse
1167 3350 1609 3434 Justificatum3
1657 3368 1806 3415 nam
1842 3350 2071 3426 nullus,
2120 3348 2189 3412 ut
2224 3347 2402 3413 docet
2437 3346 2483 3413 C
2506 3365 2637 3435 011-

221 3446 507 3519 cilium
553 3453 1142 3518 Tridentinum
1205 3450 1383 3535 (sess.
1431 3452 1491 3515 6.
1538 3470 1588 3516 0.
1639 3450 1747 3536 9.),
1810 3451 1963 3515 scire
2026 3451 2209 3530 valet,
2269 3449 2641 3516 certitudine

221 3544 378 3631 fidei,
438 3553 540 3620 cui
585 3572 708 3619 non
764 3557 974 3637 potest
1019 3553 1275 3619 subesse
1319 3553 1570 3634 falsum,
1638 3572 1704 3618 se
1766 3554 2038 3637 gratiam
2082 3553 2201 3617 Dei
2246 3571 2381 3617 esse
2426 3569 2641 3618 conse-

223 3653 449 3721 cutum.
538 3655 900 3739 Vulgata
946 3654 1166 3719 habet:
1211 3655 1352 3738 Ipse
1398 3656 1618 3720 enim
1664 3654 1932 3737 Spiritus
1996 3658 2136 3733 etc„
2196 3673 2317 3737 qua
2380 3654 2642 3719 lectione

229 3752 423 3819 stante
485 3756 796 3821 sententia
855 3756 1010 3821 haec
1072 3754 1414 3821 contineret
1471 3757 1875 3821 rationem
1898 3805 1913 3836 ,
1977 3776 2085 3821 cur
2142 3760 2325 3822 antea
2383 3756 2640 3822 dixerit:

227 3852 326 3917 sed
367 3858 692 3941 accepistis
739 3857 1046 3942 Spiritum
1089 3857 1450 3941 adoptionis
1498 3858 1615 3923 1100
1662 3859 1881 3923 modo:
1938 3859 2289 3943 Accepistis
2334 3858 2641 3941 Spiritum

227 3952 598 4039 adoptionis3
659 3978 757 4024 na
780 3978 844 4023 m
905 3960 1039 4041 ipse
1080 3957 1352 4063 Spiritus
1411 3978 1458 4023 S.
1505 3959 1571 4023 id
1613 3959 1793 4025 nobis
1856 3961 2141 4027 testatur.
2190 3996 2273 4008 —-
2316 3958 2439 4025 Sed
2480 3958 2643 4024 hanc

227 4057 622 4131 particulam:
670 4060 884 4126 enim
931 4058 1092 4144 (γάρ)
1139 4060 1430 4143 perpauci
1471 4060 1668 4126 testes
1712 4061 1965 4127 habent.

414 4160 490 4226 V.
521 4162 620 4226 17.
665 4160 787 4240 „Si
821 4170 1021 4225 autem
1060 4160 1258 4241 liberi,
1294 4162 1478 4225 ctiam
1517 4162 1823 4243 haeredes,
1866 4161 2151 4227 haeredes
2174 4161 2414 4247 quidem
2456 4160 2643 4224 Deif‘

230 4249 425 4326 Verba
465 4262 620 4327 haec
666 4265 812 4328 sunt
849 4262 1020 4346 justa
1065 4266 1352 4347 certaque
1395 4265 1844 4332 conclusio
1888 4282 1959 4327 ex
2004 4282 2061 4328 v.
2096 4256 2209 4328 ⁴14.
2280 4262 2683 4327 Ratioci-‘

229 4360 466 4428 natur
533 4365 853 4447 apostolus
921 4383 991 4428 ex
1055 4364 1448 4447 analogia
1504 4364 1665 4448 juris
1737 4365 1995 4430 humani
2074 4364 2175 4448 (ex
2238 4363 2419 4428 titulo
2483 4363 2643 4428 libe-

232 4463 483 4547 rorum):
532 4463 599 4531 Si
642 4466 810 4531 enim
833 4464 1110 4530 Patris
1157 4465 1552 4531 coelestis
1599 4484 1818 4533 sumus
1862 4463 2131 4546 liberi,
2178 4482 2321 4549 ergo
2367 4466 2433 4529 et
2470 4462 2641 4531 illius
