3234 4992
569 236 653 305 96
1611 228 1723 283 Gap.
1750 230 1829 274 VI.
1854 242 1901 275 v.
1928 228 1995 274 12.

574 422 914 508 plandunt:
962 409 1196 492 ἑκεινοῦ,
1242 413 1306 478 et
1347 416 1492 479 ante
1527 412 1819 499 ἁμαρτίας
1860 417 1925 481 et
1966 414 2239 498 ὑπακοῆς
2282 420 2531 485 autem:
2577 420 2803 483 δοῦλοι.
2852 416 3024 485 Loco

575 524 840 604 ὑπακοῆς
881 519 958 588 ob
1000 530 1215 585 vocem
1237 514 1540 597 ἁμαρτίας,
1587 517 1690 583 0111
1731 518 2062 602 opponitur
2102 523 2402 603 tanquam
2444 519 2717 599 domino,
2762 536 3025 603 exspec-

573 627 743 690 tatur
781 628 892 687 ·τοῦ
933 620 1113 700 θεοῦ,
1159 620 1223 682 et
1264 617 1399 683 1000
1441 623 1525 691 εἰς
1577 617 1947 701 δικαιοσύνην
1992 621 2070 687 ob
2114 622 2453 687 antithesin
2494 640 2636 686 oum
2681 620 2891 687 Verbis
2940 625 3027 691 εἰς

573 725 844 789 θάνατον
888 722 1285 809 exspectatur
1326 723 1409 803 εξς
1452 719 1612 803 ζωήν
1656 719 1911 786 αἰώνιον.
1982 722 2105 789 Sed
2146 724 2464 807 apostolus
2508 726 2753 807 poterat
2796 726 3024 787 tamen

576 825 869 908 ὑπακοήν,
913 825 1046 891 scil.
1076 825 1233 887 θεοῦ
1277 820 1479 905 (juxta
1519 841 1575 887 v.
1601 824 1734 909 22.)
1779 859 1863 870 —
1908 822 2477 891 obedientiam
2523 842 2711 908 erga
2748 824 3023 888 Deum

574 964 653 975 —-
697 945 1002 1012 opponere
1043 930 1119 1009 τῇ
1161 924 1436 1007 ἁμαρτίᾳ,
1483 925 1629 1008 quia
1647 942 1829 991 omne
1865 927 2188 1009 peccatum
2234 927 2329 989 est
2372 924 2679 1008 quaedam
2724 925 2855 989 ino
2880 924 2931 989 b
2956 944 3020 988 e-

575 1028 890 1093 dientia
952 1026 1138 1112 (legis
1201 1026 1445 1090 divinae
1505 1027 1917 1109 transgressio
1974 1026 2113 1092 coll.
2162 1045 2223 1090 v.
2266 1026 2421 1110 23.).
2512 1025 2579 1090 Si
2622 1026 2817 1109 igitur
2860 1042 3019 1108 apo-

577 1130 776 1194 stolus
820 1147 929 1212 per
972 1125 1486 1212 prosopopoeiam
1543 1131 1976 1209 peccatum
2042 1127 2213 1193 sistit
2268 1131 2339 1191 ut
2400 1126 2846 1204 dominum,
2894 1143 3019 1207 po-

573 1232 736 1295 terat
781 1230 972 1294 stiam
1017 1230 1104 1294 ob
1126 1227 1574 1297 edientiam
1619 1245 1768 1311 erga
1808 1228 2014 1293 Deum
2057 1246 2167 1311 per
2210 1227 2718 1311 prosopopoeiam
2764 1228 2841 1291 ut
2884 1226 3018 1290 do-

574 1329 910 1409 minam,
971 1331 1036 1394 et
1093 1328 1464 1395 homines
1521 1331 1594 1393 ut
1652 1347 1929 1395 servos
1984 1328 2172 1413 hujus
2232 1329 2469 1394 domini
2511 1344 2872 1412 proponere.
2925 1363 3017 1374 —

574 1429 754 1510 Quod
797 1433 1004 1495 autem
1052 1430 1271 1496 verba:
1316 1433 1399 1501 εἰς
1441 1425 1817 1512 δικαιοσύνην
1862 1430 2109 1507 attinet,
2162 1430 2228 1494 in
2272 1430 2413 1494 istis
2455 1429 2624 1493 vita
2668 1428 3017 1493 aeterna

572 1529 728 1614 (ζωή
795 1527 1060 1615 αἰώνιος)
1124 1531 1261 1613 jam
1319 1549 1428 1613 per
1501 1549 1567 1595 se
1666 1531 2157 1615 subintelligitur
2176 1578 2193 1608 ,
2274 1529 2419 1611 quia
2497 1529 2820 1612 justitiam
2894 1547 3015 1593 seu

572 1632 736 1697 vitae
812 1632 1288 1698 sanctimoniam
1369 1632 1499 1696 vita
1589 1635 1839 1698 aeterna
1920 1632 2336 1715 consequitur.
2424 1666 2497 1677 ——
2584 1631 2707 1695 Per
2777 1646 3009 1695 vocem

569 1728 846 1803 θάνατος
887 1735 984 1796 est
1041 1730 1205 1815 (coll.
1253 1750 1310 1796 v.
1355 1731 1486 1817 23.)
1544 1731 1949 1817 intelligenda
1994 1730 2163 1797 mors
2216 1730 2602 1815 spiritualia·
2638 1733 3009 1806 aeter‘na3

570 1852 716 1898 nam
777 1832 1154 1916 stipendium
1211 1834 1451 1915 peccati
1513 1851 1698 1899 mors.
1766 1872 1839 1880 —
1899 1834 2054 1899 Vult
2109 1834 2318 1916 itaque
2378 1833 2703 1917 apostolus
2758 1831 3006 1896 dicere:

503 1930 506 1937 ’
570 1932 715 1998 Sine
776 1934 947 1999 omni
1007 1933 1413 1999 controversia
1455 1952 1673 1999 verum
1730 1938 1847 2014 est,
1908 1935 2071 2017 quod
2134 1934 2321 2000 homo
2386 1934 2499 1999 fiat
2555 1950 2772 1998 servus
2838 1931 3003 2016 ejuS,

571 2034 677 2099 cui
717 2053 784 2100 se
826 2034 1018 2100 tradit
1076 2035 1154 2100 ad
1207 2035 1639 2103 obediendum.
1729 2035 1924 2119 Atqui
1966 2035 2204 2101 homini
2263 2037 2484 2101 electio
2545 2035 2709 2099 data·
2751 2034 2869 2110 est,
2931 2034 3007 2096 ut

566 2135 761 2219 eligat
818 2136 981 2201 inter
1038 2136 1710 2203 inobedientiam
1768 2140 1830 2201 et
1886 2136 2461 2203 obedientiam
2532 2152 2683 2218 erga
2764 2134 2999 2198 Deum.

568 2234 638 2300 Si
682 2236 956 2318 primum
1001 2236 1170 2316 facit,
1217 2236 1481 2302 efficitur
1525 2256 1735 2303 servus
1783 2255 1873 2320 pe
1892 2255 1924 2301 c
1945 2240 2074 2302 cat
2094 2238 2149 2319 i,
2196 2241 2258 2302 et
2300 2238 2457 2302 haec
2504 2238 2775 2302 servitus
2824 2235 3002 2299 ducit

570 2354 718 2399 eum
764 2336 842 2400 ad
887 2340 1153 2400 mortem
1199 2340 1550 2416 aeternam3
1609 2338 1665 2402 si
1708 2339 1993 2416 alterum,
2040 2338 2113 2402 fit
2154 2357 2365 2403 servus
2409 2337 2804 2403 obedientiae
2850 2354 3003 2419 erga

570 2434 790 2513 Deum,
859 2437 922 2499 et
981 2434 1133 2501 haec
1195 2436 1458 2502 servitus
1515 2437 1687 2503 ducit
1740 2456 1884 2503 eum
1941 2437 2023 2504 ad
2081 2440 2458 2523 probitatem
2519 2440 2718 2523 (vitae
2762 2437 2996 2503 sancti-

563 2532 791 2619 tatem)
837 2537 900 2599 et
945 2555 1054 2618 per
1097 2554 1236 2602 eam
1281 2538 1357 2602 ad
1401 2539 1597 2603 vitam
1656 2542 1989 2605 aeternam.
2051 2576 2130 2588 —-
2172 2541 2393 2607 Relate
2448 2540 2529 2606 ad
2585 2540 2772 2605 chri
2792 2538 2996 2604 stia-

563 2652 662 2699 nu
683 2654 748 2699 m
794 2635 1012 2719 electio
1049 2636 1183 2719 jam
1227 2638 1392 2703 facta
1436 2642 1567 2717 est3
1611 2640 1747 2705 ideo
1793 2639 1977 2705 dicit:

769 2736 846 2802 V.
894 2736 992 2801 17.
1039 2736 1352 2815 „Gratiae
1392 2748 1592 2803 autem
1635 2740 1768 2804 Deo
1813 2740 2015 2825 (sint),
2055 2740 2265 2826 fuisse
2306 2763 2413 2806 vos
2472 2763 2679 2806 servos
2728 2732 2994 2827 Peccati,

560 2834 891 2901 obedivisse
944 2845 1144 2901 autem
1199 2860 1276 2903 ex
1317 2838 1496 2903 corde
1539 2842 1614 2920 ei,
1679 2842 1747 2905 in
1798 2864 1981 2927 quam
2042 2843 2265 2907 traditi
2319 2844 2479 2924 estis,
2525 2842 2790 2929 formae
2857 2840 2989 2905 doc·

558 2937 822 3003 twinaef‘
882 2975 966 2985 —
1019 2938 1226 3019 Quum
1285 2942 1598 3024 apostolus
1655 2942 1721 3006 in
1784 2961 1895 3007 sua
1960 2945 2493 3029 argumentatione
2540 2943 2837 3028 progredi
2883 2943 2988 3007 de-

556 3035 750 3119 beret,
796 3039 1132 3105 recordatio
1187 3039 1263 3104 de
1307 3042 1847 3108 conversione
1890 3045 2330 3124 lectorum,
2396 3050 2679 3112 mentem
2728 3045 2866 3129 ejus
2909 3044 2983 3108 ad

553 3140 883 3221 gratias
924 3141 1057 3206 Deo
1113 3142 1383 3225 agendas
1443 3143 1704 3220 excitat;
1763 3163 1950 3227 quare
2004 3147 2199 3211 etiam
2259 3148 2384 3231 ipsi
2438 3165 2589 3229 suae
2648 3164 2985 3231 argumen-

551 3240 777 3308 tationi
833 3242 1175 3326 gratiarum
1235 3243 1538 3309 actionem
1581 3244 1815 3312 inserit.
1860 3282 1944 3293 --
1985 3247 2305 3315 Particula
2346 3250 2413 3311 δὲ
2456 3248 2701 3313 indicat
2761 3263 2983 3331 propo-

549 3338 842 3406 sitionem
888 3342 1302 3423 minorem,
1358 3344 1504 3409 hinc
1563 3346 1729 3410 valet
1770 3346 1939 3411 idem
1982 3366 2085 3413 ac:
2131 3350 2381 3432 atqui.
2418 3386 2506 3397 —-
2549 3349 2837 3415 Verbum
2891 3346 2982 3427 η’τε

547 3436 615 3503 11.
662 3439 703 3505 1.
750 3441 980 3524 absque
1024 3443 1210 3509 dubio
1255 3445 1676 3529 emphasin
1734 3447 2041 3526 continet3
2105 3468 2253 3515 nam
2314 3470 2362 3516 s.
2411 3451 2652 3516 Paulus
2698 3467 2830 3515 non
2875 3466 2978 3532 po-

545 3538 714 3602 terat
736 3540 868 3606 Deo
887 3542 1121 3623 gratias
1149 3562 1329 3627 agere
1372 3563 1514 3628 pro
1560 3547 1962 3613 servitute
2005 3552 2360 3632 peccati,
2407 3570 2597 3634 quam
2644 3550 2975 3635 aliquando

543 3640 721 3720 passi
765 3642 930 3718 sunt,
991 3642 1289 3723 tanquam
1342 3644 1502 3711 illud
1540 3649 1701 3711 esset
1736 3647 1854 3712 Dei
1900 3649 2307 3731 beneficium3
2355 3652 2466 3718 sed
2509 3652 2595 3717 id
2614 3670 2701 3717 eo
2746 3649 2975 3735 gratias

549 3738 702 3823 agit,
747 3740 957 3823 quod
1001 3758 1147 3806 non
1205 3744 1562 3828 amplius
1609 3747 1780 3812 sint
1824 3750 2053 3815 servi
2094 3754 2464 3834 peccati,
2512 3752 2682 3845 quod
2732 3749 2973 3817 desierit

551 3840 816 3907 servitus
861 3841 1118 3924 peccati.
1187 3880 1265 3890 -
1320 3844 1451 3909 Alii
1495 3844 1581 3907 ὁτι
1624 3846 1725 3928 ἤτε
1781 3851 2097 3916 resolvunt
2138 3852 2202 3917 in
2247 3854 2649 3937 participium
2708 3858 2773 3919 et
2832 3852 2967 3919 sub-

545 3941 907 4027 intelligunt
948 3937 1092 4003 πότε
1137 3942 1358 4028 (011111),
1406 3966 1591 4030 ergo:
1640 3947 1796 4020 ὄντες
1836 3950 1981 4012 πότε
2026 3951 2250 4019 δοῦλοι.
2342 3954 2575 4021 Sensus
2637 3956 2811 4021 idem
2862 3952 2964 4018 est.

551 4078 624 4091 -
673 4042 796 4107 Sed
863 4044 1176 4125 apostolus
1238 4061 1361 4108 non
1424 4048 1625 4113 solum
1684 4052 2009 4133 gratias
2067 4054 2200 4137 agit
2259 4056 2410 4136 Deo,
2477 4057 2644 4139 quod
2712 4054 2961 4123 servitus

545 4143 785 4224 peccati
833 4142 1110 4222 desierit3
1158 4145 1268 4209 sed
1311 4145 1500 4211 etiam
1543 4148 1699 4226 ideo,
1746 4151 1909 4233 quod
1938 4153 2249 4220 doctrinae
2274 4155 2511 4221 Christi
2558 4148 2957 4242 pergratiam

547 4242 814 4308 divinam
861 4243 1076 4309 traditi
1119 4245 1262 4310 Sint.
1308 4280 1394 4291 —-
1435 4250 1518 4318 εἰς
1559 4245 1657 4310 τόν
1714 4250 2089 4336 παρεδόθητε
2146 4254 2326 4319 τύπον
2388 4257 2643 4342 διδαχῆς
2702 4259 2955 4343 positum

527 4345 638 4408 =eSt
691 4364 800 4428 per
858 4346 1455 4412 attractionem
1511 4364 1658 4430 pro:
1720 4348 2089 4433 ὑπηκούσατε
2140 4403 2153 4417 .
2210 4404 2225 4418 .
2284 4406 2298 4419 .
2342 4357 2434 4437 τῷ
2491 4357 2665 4440 τύπῳ
2726 4352 2955 4439 διδαχῆς·

528 4447 624 4515 κείς
679 4444 744 4508 o‘v
799 4444 1192 4529 παρεδόθητε.
1263 4482 1342 4495 --
1401 4445 1596 4519 τύπος
1660 4451 1911 4535 διδαχῆς
1982 4460 2079 4523 est
2134 4458 2431 4542 forma,
2493 4465 2947 4549 exemplum,

3176 1426 3185 1605 -ᾳμῌ-
3176 1352 3185 1409 .A„ffl
3182 1238 3185 1259 ..
