3234 4992
1266 221 1375 274 Gap.
1401 223 1486 264 111.
1513 233 1555 264 v.
1585 225 1627 266 4.
2269 207 2290 227 ³
2582 226 2663 292 47

238 428 461 490 novae,
508 429 578 474 ex
622 409 1014 493 praecedenti
1057 411 1453 493 responsione
1498 412 1798 490 nascenti,
1846 429 2037 493 quum
2084 411 2222 492 quis
2267 414 2478 493 posset
2516 429 2666 495 apo-

243 512 404 577 stolo
451 512 686 577 dicere:
752 510 913 591 Quid
977 511 1339 594 profuerunt
1401 512 1443 577 J
1447 514 1663 594 udaeis
1729 513 1971 596 eloquia
2027 513 2174 589 Dei,
2248 512 2304 576 si
2368 512 2669 577 increduli

245 613 548 681 fuerant?
594 651 671 658 —
718 614 1074 696 Respondet
1118 614 1196 679 ad
1240 614 1393 679 hoc:
1460 615 1635 694 Esto,
1700 615 1971 697 quidam,
2040 615 2167 678 imo
2233 614 2505 696 plerique
2548 631 2669 678 non

248 715 585 779 habuerint
627 713 815 778 fidem
860 715 1186 797 promissis
1233 715 1476 794 diviniS,
1522 716 1925 780 incredulitas
1969 714 2219 780 illorum
2261 715 2428 780 haud
2466 718 2671 797 potest

241 816 496 880 inanem
543 816 796 879 reddere
838 816 958 880 Dei
1000 816 1366 881 fidelitatem
1431 817 1496 880 in
1563 817 1693 880 suis
1760 817 2101 900 promissis.
2152 852 2224 862 —
2275 816 2507 900 Agitur
2571 819 2673 883 hic

244 919 323 981 de
367 917 1082 1000 promissionibus
1129 917 1436 982 divinis
1482 918 1920 984 absolutis.
1969 954 2054 964 —
2096 920 2289 990 πίστις
2332 918 2391 983 h.
2418 919 2457 983 l.
2487 938 2669 1002 saepe

242 1023 319 1083 ut
362 1019 539 1099 aliaS,
581 1018 971 1083 fidelitas
1017 1019 1083 1083 in
1127 1020 1518 1101 praestandis
1565 1019 1899 1102 promissis.

459 1119 537 1186 V.
581 1121 640 1184 4.
687 1117 991 1198 „Aesim
1035 1121 1351 1200 nimirum,
1413 1124 1484 1184 ut
1529 1122 1666 1202 quis
1710 1121 1800 1186 ita
1843 1122 2091 1204 cogitet,
2138 1121 2370 1202 (Deum
2438 1122 2675 1188 scilicet

249 1221 443 1285 fidem
485 1240 661 1287 suam
705 1223 771 1286 in
814 1221 1139 1304 promissis
1185 1222 1312 1286 suis
1356 1240 1479 1287 non
1524 1223 1832 1306 servare).
1882 1259 1961 1268 —
2004 1220 2084 1302 μή
2128 1224 2347 1303 γένοιτο
2409 1226 2506 1287 est
2547 1222 2671 1287 for-

255 1323 436 1387 mula
503 1342 646 1388 cum
715 1323 1125 1387 detestatione
1191 1323 1513 1406 negantiS,
1583 1324 1755 1388 velut
1818 1343 1950 1388 rem
2016 1324 2355 1389 absurdam
2416 1324 2673 1405 ideoque

252 1424 735 1508 imppssibilem.
783 1461 859 1472 —
909 1425 1130 1506 γένοιτο
1177 1425 1364 1506 optat.
1393 1442 1513 1488 aor.
1541 1425 1598 1488 2.
1627 1426 1772 1489 med
1796 1443 1835 1488 a
1861 1429 2140 1506 γίγνομαι.
2189 1463 2265 1472 -
2312 1423 2456 1504 „Sit
2475 1433 2675 1488 autem

249 1525 427 1587 Deus
493 1530 748 1589 veraff.
795 1563 871 1572 -—
928 1527 1096 1590 Dum
1163 1525 1476 1607 apostolus
1540 1525 1656 1590 hoc
1724 1526 1890 1603 dicit,
1958 1545 2082 1592 non
2148 1527 2352 1605 edicit,
2420 1526 2669 1608 qualem

251 1627 462 1691 Deum
527 1627 607 1690 in
671 1645 753 1691 se
819 1625 1276 1691 consideratum
1343 1644 1481 1690 esse
1545 1626 1736 1705 velit3
1804 1628 1913 1691 sed
1976 1627 2227 1706 indicat,
2294 1627 2541 1709 qualem
2600 1626 2678 1689 in

250 1728 665 1793 hominum
732 1727 1272 1811 persuasione
1333 1746 1475 1791 eum
1535 1746 1672 1791 esse
1717 1728 1886 1807 velit,
1952 1729 2043 1792 ita
2086 1731 2157 1792 ut
2202 1746 2489 1792 sensus
2557 1727 2677 1790 sit:

252 1829 432 1894 Deus
472 1830 537 1893 in
581 1828 870 1893 omnibus
913 1827 1096 1892 dictis
1143 1831 1208 1891 et
1250 1828 1570 1911 promissis
1617 1829 1745 1894 suis
1789 1847 1970 1892 verax
2013 1829 2091 1893 ab
2137 1828 2427 1894 omnibus
2450 1846 2678 1912 agnos-

253 1933 436 1993 catur
478 1930 616 2012 (seu
658 1929 1003 2012 habeatur).
1051 1966 1136 1975 —
1199 1927 1463 2008 „Omnis
1527 1938 1727 1991 autem
1792 1930 1962 1992 homo
2028 1929 2375 2008 mndw‘,
2442 1930 2679 1994 scilicet

251 2032 580 2112 reputetur
625 2029 705 2114 (si
769 2031 1067 2095 nimirum
1132 2049 1272 2094 cum
1316 2031 1447 2094 Deo
1514 2029 1950 2112 comparetur).
2004 2067 2078 2076 —-
2124 2029 2344 2109 „Sicut
2387 2031 2681 2115 comptum

258 2135 409 2208 esff‘,
476 2131 710 2196 scilieet
754 2132 996 2214 psalmo
1039 2132 1139 2196 50.
1190 2131 1272 2214 (v,
1319 2131 1425 2214 6.).
1479 2167 1550 2176 -
1598 2132 1717 2194 Dei
1758 2131 2157 2196 veracitatem
2203 2135 2266 2195 et
2308 2133 2677 2196 fidelitatem

255 2249 384 2295 non
408 2231 569 2296 vinci
590 2232 918 2297 hominum
943 2231 1394 2310 incredulitate,
1439 2233 1661 2315 probat
1681 2233 1958 2316 exemplo
1982 2234 2044 2297 et
2065 2233 2268 2298 verbis
2312 2233 2368 2296 D
2388 2232 2512 2296 avi
2535 2233 2679 2308 dis,

257 2341 420 2415 quae
482 2333 634 2398 citat
687 2334 866 2416 juxta
930 2333 1276 2398 versionem
1339 2334 1437 2397 70.
1481 2370 1566 2380 —
1608 2382 1649 2412 „
1667 2334 1746 2398 Ut
1786 2333 2145 2423 justzflceris
2199 2335 2265 2396 in
2332 2333 2512 2397 dictis
2565 2332 2685 2395 tuis

255 2442 316 2496 et
357 2434 590 2513 vincas,
633 2457 768 2496 cum
811 2433 1246 2523 dijudicaris&
1290 2469 1374 2480 -
1417 2434 1688 2499 Davides
1733 2435 2029 2500 nimirum
2089 2435 2229 2517 post
2270 2435 2677 2500 commissum

260 2535 640 2599 adulterium
708 2538 771 2598 et
834 2534 1277 2612 homicidium,
1361 2535 1685 2618 poenitens
1711 2585 1726 2613 ,
1803 2535 2144 2619 publice
2209 2535 2523 2619 professus
2592 2538 2687 2598 est

265 2636 528 2718 peccata
573 2655 704 2716 sua,
751 2636 998 2700 dicens:
1082 2636 1211 2718 „In
1274 2636 1354 2699 te
1418 2637 1776 2718 peccavi,
1846 2640 1921 2699 et
1987 2637 2197 2718 quod
2261 2654 2536 2699 coram
2603 2638 2687 2698 te

259 2737 561 2800 malum
607 2740 768 2815 est,
815 2737 1041 2801 feci“.
1089 2771 1176 2784 --
1218 2737 1671 2801 Professionem
1715 2739 1875 2801 hanc
1917 2737 2055 2800 ideo
2098 2736 2347 2820 publice
2380 2737 2551 2813 facit,
2600 2738 2685 2799 ut

261 2841 346 2901 tu
392 2837 615 2921 (Deus)
675 2838 949 2921 justus
1016 2857 1400 2922 appareas
1444 2838 1794 2902 indictis
1838 2839 2002 2902 tuis
2048 2837 2111 2920 (i.
2162 2858 2211 2901 e.
2259 2838 2324 2901 in
2378 2836 2687 2902 sententia

259 2942 373 3003 tua
420 2939 494 3002 de
538 2959 640 3002 me
683 2940 862 3023 lata),
910 2940 985 3003 et
1027 2943 1112 3004 tu
1156 2941 1475 3018 vincaS,
1522 2939 1588 3002 si
1633 2939 2139 3021 dijudicaris
2186 2939 2249 3022 (i.
2300 2957 2348 3002 e.
2397 2941 2460 3002 et
2503 2941 2573 3001 ut
2617 2940 2687 3001 tu

256 3041 479 3122 justus
525 3041 898 3124 agnoscariS,
945 3042 999 3108 si
1041 3042 1177 3123 quis
1223 3042 1300 3106 ob
1344 3059 1564 3124 graves
1630 3058 1859 3123 poenas
1880 3090 1894 3119 ,
1964 3059 2115 3122 quas
2181 3042 2248 3104 in
2313 3059 2415 3104 me
2473 3038 2679 3115 inferS‚

253 3141 576 3224 justitiam
631 3147 805 3207 tuam
870 3144 1057 3208 vellet
1119 3142 1388 3226 negare).
1449 3182 1526 3193 —
1592 3143 1760 3207 Dum
1825 3141 2017 3225 igitur
2080 3155 2138 3204 S:
2175 3140 2407 3204 Paulus
2481 3139 2686 3204 verbis

267 3243 531 3308 Davidis
575 3245 790 3322 utitur,
836 3244 971 3308 vult
1016 3244 1248 3309 dicere:
1307 3245 1482 3308 Sicut
1525 3244 1780 3308 Davidis
1824 3245 2165 3324 peccatum,
2235 3242 2396 3325 quod
2439 3240 2685 3322 publice

263 3343 577 3428 professus
602 3346 717 3424 est,
738 3345 1052 3428 justitiam
1079 3347 1194 3410 Dei
1215 3346 1281 3409 in
1303 3347 1518 3428 poenis
1545 3344 1897 3426 infligendis
1924 3343 2327 3408 illustriorem
2349 3343 2571 3421 reddit,
2602 3378 2687 3388 —

277 3447 371 3510 ita
437 3447 626 3512 etiam
692 3447 1089 3512 incredulitas
1153 3447 1198 3513 J
1201 3447 1536 3528 udaeorum
1581 3447 1699 3511 Dei
1748 3446 2113 3510 fidelitatem
2156 3465 2279 3512 non
2322 3447 2525 3510 solum
2568 3462 2693 3509 non

267 3547 474 3612 reddit
517 3547 784 3625 inanem,
833 3548 944 3612 sed
988 3550 1051 3612 et
1092 3548 1512 3613 illustriorem.
1602 3547 1771 3612 Nam
1835 3565 1959 3612 non
2004 3547 2291 3612 obstante
2336 3566 2549 3612 eorum
2592 3547 2690 3610 in-

268 3648 655 3727 credulitate,
703 3666 827 3714 non
870 3654 1164 3716 retractat
1197 3668 1340 3714 suas
1362 3649 1822 3733 promissiones
1870 3667 2022 3730 quas
2047 3649 2089 3714 J
2094 3650 2306 3714 udaeis
2330 3648 2577 3714 fecerat.
2606 3683 2688 3696 —

263 3751 342 3815 In
387 3769 534 3815 voce
579 3747 788 3831 λόγοις,
835 3770 956 3832 qua
1002 3752 1220 3816 dicta
1261 3770 1367 3815 seu
1433 3749 1766 3831 eloquia
1831 3750 1945 3813 Dei
2010 3751 2476 3834 generatim
2522 3768 2691 3815 com-

268 3852 756 3933 prehenduntur,
805 3851 864 3915 h.
911 3853 950 3915 l.
1002 3853 1187 3916 simul
1233 3853 1498 3934 spectari
1542 3850 1729 3916 debet
1772 3850 1940 3917 notio
2004 3850 2411 3933 specifica
2478 3869 2691 3914 eorum

269 3954 576 4018 dictorum
620 3971 730 4017 seu
775 3954 1157 4034 eloquiorum
1202 3955 1568 4032 divinorum,
1616 3971 1772 4034 quae
1818 3953 2418 4034 promissiones
2490 3951 2691 4015 conti-

263 4057 436 4118 nent.
489 4091 562 4099 —
588 4057 967 4116 δικαιοῦσθαι
991 4055 1049 4120 h.
1077 4056 1139 4134 l.,
1166 4057 1383 4120 eodem
1407 4055 1589 4119 modo
1619 4055 1712 4118 uti
1734 4053 1903 4136 prius
1929 4053 2013 4135 (2,
2042 4053 2167 4139 13.)
2193 4053 2581 4118 sumendum.
2614 4087 2691 4097 —

267 4157 360 4220 Ex
389 4156 577 4220 citato
625 4155 965 4238 scripturae
1010 4157 1366 4222 testimonio
1411 4155 1915 4239 consequebatur,
1950 4156 2278 4221 hominum
2298 4155 2694 4236 iniquitatem

270 4256 731 4340 quedammodo
774 4257 975 4322 facere
1020 4261 1116 4324 ad
1158 4259 1510 4344 gloriam
1554 4257 1724 4322 Dei.
1800 4257 1897 4321 Ne
1940 4258 2094 4340 quis,
2163 4257 2307 4338 quia
2373 4254 2691 4338 apostolus

267 4359 335 4425 id
380 4377 606 4442 negare
651 4373 776 4422 non
817 4361 972 4437 vult,
1017 4360 1276 4424 ulterius
1321 4360 1464 4424 inde
1510 4359 1903 4440 colligat,
1935 4358 2253 4441 injustum
2298 4376 2433 4422 esse
2468 4357 2692 4438 Deum,

269 4460 325 4524 si
368 4461 670 4545 improbis
714 4478 942 4543 poenas
986 4460 1229 4544 infligit,
1276 4478 1311 4525 o
1333 4460 1631 4526 courrit
1672 4459 1817 4524 huic
1862 4456 2355 4541 consequentiae.
