3234 4992
1263 240 1374 299 cap.
1397 245 1504 287 vn.
1524 256 1568 287 v.
1599 244 1641 287 6.
2532 248 2655 313 105

231 426 459 495 Verba:
529 428 639 491 διὰ
705 433 807 512 τῆς
861 432 1100 513 ἐντολῆς
1155 432 1434 497 nonnulli
1495 432 1758 518 (Estius)
1826 436 2201 499 connectunt
2266 450 2410 498 cum
2472 432 2655 499 verbo

229 529 654 613 κατειργάσατο
699 533 1046 618 (operatum
1092 533 1250 616 661);
1315 535 1422 600 sed
1479 536 1704 600 melius
1763 535 1962 619 (juxta
2020 554 2067 599 s.
2115 535 2451 619 Thomam)
2512 552 2655 600 con-

223 633 509 718 jungitur
555 654 708 700 cum
751 652 900 702 voce
945 635 1240 719 ἀφορμήν,
1307 638 1451 720 quia
1491 638 1582 703 ita
1637 638 1968 721 peculiaris
2012 638 2282 722 operatio
2326 638 2483 720 legis
2526 638 2653 702 cla-

227 735 465 801 rissime
528 737 914 823 designatur.
973 776 1040 787 —-
1098 738 1320 819 „Nam
1379 739 1507 802 sine
1563 738 1687 825 {396
1732 748 2051 823 peccatum
2109 742 2452 802 mortuum“
2496 737 2651 823 (scil.

229 836 412 921 erat);
461 838 502 901 i.
555 858 607 903 6.
660 858 824 919 116111,
884 841 997 908 ubi
1051 841 1150 906 lex
1192 840 1463 924 positiva
1505 856 1629 906 non
1673 840 1865 918 adest,
1912 840 1999 905 ibi
2044 839 2547 923 concupiscentia
2589 840 2655 903 in

228 954 323 1001 me
379 938 616 1019 latens,
678 961 870 1024 quum
930 962 1050 1009 non
1109 942 1357 1022 habeat,
1420 959 1540 1024 quo
1599 942 1913 1020 excitetur,
1974 940 2104 1006 vim
2148 959 2326 1006 suam
2386 958 2508 1005 non
2552 959 2655 1004 ex-

228 1038 383 1118 serit,
424 1058 502 1105 66
535 1042 739 1107 veluti
766 1046 1010 1109 mortua
1045 1044 1233 1128 jacet.
1279 1080 1357 1091 —
1405 1042 1641 1108 Notum
1667 1043 1765 1107 est
1795 1043 1952 1108 illud
1976 1042 2027 1108 Ο
2046 1041 2285 1107 vidii:
2334 1042 2656 1125 „Nitimur

227 1140 286 1203 in
325 1142 603 1207 vetitum
653 1164 916 1228 semper,
975 1147 1384 1229 cupimusque
1432 1146 1718 1228 negata.“
1770 1183 1843 1193 -
1888 1144 2050 1229 Ergo
2094 1142 2414 1226 peccatum
2460 1142 2658 1226 (mala

231 1242 758 1331 concupiscentia)
817 1250 951 1312 erat
1007 1248 1142 1331 jam
1201 1250 1338 1312 ant
1358 1266 1392 1311 6
1451 1248 1658 1331 legem
1702 1249 1769 1311 in
1810 1246 2062 1312 1161111116
2106 1245 2331 1322 1616116,
2376 1245 2483 1309 sed
2526 1245 2657 1307 erat

230 1343 398 1423 quasi
441 1349 791 1427 mortuum,
854 1348 1154 1427 inefficax,
1214 1349 1378 1431 quia,
1438 1368 1631 1432 quum
1689 1350 1787 1413 lex
1844 1366 1987 1413 cum
2034 1347 2161 1412 suis
2203 1345 2547 1428 praeceptis
2591 1348 2656 1409 et

229 1442 748 1524 prohibitionibus
806 1450 863 1513 ei
906 1467 1029 1514 non
1077 1451 1242 1514 esset
1286 1450 1593 1534 opposita,
1654 1451 1783 1515 vim
1839 1466 2017 1514 suam
2061 1466 2170 1532 per
2212 1464 2431 1530 pravas
2478 1446 2653 1528 cupi-

232 1542 448 1610 ditates
493 1565 624 1613 non
670 1550 1006 1616 exercebat.
1054 1586 1138 1598 —-
1179 1549 1378 1633 νεκρὸς
1433 1552 1675 1636 proprie
1719 1552 2121 1627 111611666,
2184 1546 2326 1613 dein
2383 1547 2653 1630 tropice:

231 1643 672 1729 inefficax,
717 1655 789 1715 61
829 1652 892 1716 11.
939 1653 981 1716 l.
1027 1689 1111 1701 -
1154 1652 1380 1719 Verbis
1443 1670 1655 1718 versus
1716 1653 1774 1717 9.
1836 1671 2033 1735 usquc
2092 1650 2171 1715 ad
2230 1650 2328 1713 11.
2374 1649 2451 1713 ab
2508 1666 2653 1731 apo-

233 1746 384 1813 stolo
430 1750 659 1815 eadem
707 1753 1012 1818 sententia
1065 1754 1524 1837 pronunciatur,
1592 1772 1780 1837 quam
1840 1772 2021 1819 versu
2080 1751 2501 1835 praecedente,
2544 1750 2654 1813 sed

233 1848 474 1914 tantum
521 1853 1068 1935 amplificata
1110 1859 1174 1920 61
1217 1856 1647 1922 6111611616
1686 1873 1965 1921 sermone
2003 1871 2291 1937 expressa
2313 1848 2649 1917 exhibetur.

234 1946 544 2017 Describit
589 1954 719 2019 scil.
757 1956 1178 2022 conditionem
1223 1956 1515 2043 (statum)
1559 1958 1813 2070 generis·
1843 1956 2104 2020 humani
2146 1956 2330 2019 ante
2373 1954 2656 2066 etpost

234 2036 445 2131 legem.
538 2054 723 2120 Facit
766 2074 909 2121 vero
955 2058 1018 2122 id
1062 2059 1126 2122 in
1171 2077 1314 2123 sua
1369 2077 1647 2142 persona,
1710 2058 1855 2140 quia
1914 2058 2047 2123 vita
2104 2053 2481 2120 universi
2523 2068 2650 2136 ge-

232 2152 444 2217 neris
489 2154 684 2220 hum
705 2176 836 2221 6111
877 2159 1375 2242 repraesentatur
1411 2163 1475 2224 et
1516 2160 1818 2243 repetitur
1859 2158 1922 2222 in
1966 2158 2097 2223 vita
2140 2154 2650 2239 singulorum

235 2248 572 2322 hominum.
665 2256 838 2325 Sicut
905 2259 1167 2342 quilibet
1231 2260 1419 2325 homo
1438 2308 1453 2339 ‚
1521 2261 1610 2325 ita
1675 2260 1863 2324 etiam
1931 2275 2129 2342 genus
2190 2257 2536 2322 humanum
2580 2256 2652 2319 ut

236 2368 522 2437 magnum
573 2358 798 2439 totum,
843 2360 1034 2426 habet
1078 2361 1348 2425 aetatem
1393 2361 1842 2439 infantiae,
1888 2360 2158 2443 tempus,
2218 2374 2336 2440 quo
2386 2374 2516 2423 11611
2560 2356 2652 2420 661

240 2454 326 2517 661
366 2460 711 2539 6666616111,
761 2463 978 2527 611616
1013 2464 1262 2546 tempus
1304 2463 1435 2527 6161
1469 2462 1721 2545 tempus
1767 2462 1953 2526 ante
1998 2462 2219 2545 legem.
2288 2459 2647 2535 Peccatum,

239 2559 730 2642 concupiscentia
788 2564 920 2627 erat
981 2562 1158 2645 quasi
1219 2562 1420 2645 sopita
1477 2563 1541 2627 et
1597 2566 1861 2644 mortua,
1920 2562 2065 2644 quia
2123 2562 2294 2626 nulla
2335 2560 2433 2624 lex
2476 2558 2649 2623 istud

241 2653 560 2727 dissidium
603 2662 918 2727 internum
979 2663 1044 2727 in
1101 2663 1352 2729 homine
1411 2664 1799 2729 excitaverat.
1891 2663 2050 2730 Cum
2111 2663 2321 2728 autem
2364 2662 2462 2726 lex
2506 2660 2651 2725 data

241 2761 406 2836 66661,
449 2782 652 2846 genus
695 2765 1042 2830 humanum
1102 2766 1370 2829 aetatem
1430 2766 1779 2849 ingressum
1837 2768 1936 2830 est
1996 2784 2033 2829 a
2054 2762 2647 2838 dolescentiae,

240 2857 490 2943 tempus,
559 2883 678 2947 quo
735 2866 924 2933 homo
981 2867 1078 2932 sui
1141 2867 1420 2932 conscius
1477 2867 1566 2947 fit,
1633 2868 1696 2931 et
1754 2885 1979 2952 pravae
2036 2864 2409 2947 cupiditates
2468 2863 2535 2926 in
2577 2879 2647 2926 eo

241 2960 590 3045 excitantur,
637 2986 897 3051 eumque
939 2969 1269 3035 violentius
1313 2986 1673 3052 oppugnare
1717 2968 2038 3052 incipiunt,
2099 2967 2171 3029 ut
2213 2964 2354 3028 istis
2399 2963 2648 3028 obediat

241 3060 408 3145 atque
451 3068 814 3135 satisfaciat.

431 3168 507 3234 V.
537 3170 600 3234 9.
645 3170 821 3256 „Eyo
857 3180 1058 3235 autem
1099 3170 1372 3235 vivebam
1411 3169 1751 3256 aliquando
1794 3171 1922 3233 sine
1964 3168 2150 3251 leye.“
2178 3203 2252 3213 --
2280 3163 2501 3229 Verbis
2544 3163 2645 3227 his

245 3259 512 3349 designat
554 3273 873 3355 apostolus
916 3272 981 3335 in
1026 3290 1140 3337 sua
1182 3290 1444 3356 persona
1480 3272 1749 3354 primam
1786 3270 2101 3353 periodum
2144 3265 2444 3353 (tempus)
2483 3264 2646 3329 vitae

242 3361 610 3449 singulorum
653 3373 999 3451 hominum,
1044 3374 1136 3437 uti
1183 3376 1246 3438 et
1289 3373 1480 3437 1611116
1523 3372 1767 3456 generis
1812 3370 2091 3450 humani,
2137 3387 2258 3453 qua
2302 3368 2487 3433 homo
2532 3383 2644 3430 nec

243 3467 377 3547 Sui,
420 3491 538 3538 nec
569 3473 643 3538 16
656 3475 784 3557 gis
816 3474 1102 3539 conscius
1126 3476 1238 3539 est.
1265 3510 1348 3521 --
1371 3473 1708 3557 Apostolus
1729 3474 1863 3538 vult
1908 3472 2141 3537 dicere:
2188 3470 2396 3550 Quum
2442 3487 2644 3533 essem

242 3562 448 3652 infans,
493 3574 731 3639 nullam
767 3574 960 3641 habui
1003 3574 1161 3659 legis
1202 3574 1637 3659 cognitionem,
1684 3577 1746 3639 61
1784 3576 2129 3658 peccatum,
2174 3591 2285 3637 seu
2322 3570 2644 3653 concupis-

243 3671 431 3737 centia
471 3675 542 3739 in
583 3694 684 3739 me
739 3676 958 3755 1616116,
1004 3679 1135 3740 6161
1189 3676 1363 3759 quasi
1422 3676 1623 3760 sopita
1668 3680 1730 3740 et
1774 3679 2037 3753 mortua,
2101 3674 2272 3740 istud
2314 3671 2641 3736 dissidium

244 3763 544 3840 internum
607 3776 771 3841 inter
831 3780 1109 3841 mentem
1168 3778 1244 3842 ed
1307 3777 1871 3860 concupiscentiam
1938 3777 2213 3842 nondum
2276 3772 2640 3839 sentiebam.

243 3866 398 3944 „Sed
409 3923 430 3954 ,
493 3900 628 3941 ccam
683 3878 937 3941 venisset
988 3877 1352 3941 mandatam
1365 3925 1386 3957 ,
1427 3887 1746 3962 peccatum
1805 3879 2090 3941 revixit.“
2132 3912 2216 3924 —-
2266 3873 2489 3939 Verbis
2540 3871 2641 3936 his

247 3967 514 4057 designat
549 3998 597 4043 s.
629 3980 942 4061 apostolus
965 3981 1311 4046 alteram
1333 3980 1675 4063 periodum,
1701 3981 1943 4062 quando
1975 3980 2182 4056 homo,
2222 3976 2319 4040 sui
2357 3972 2639 4039 conscius

243 4065 449 4157 factus,
506 4078 694 4145 etiam
736 4080 893 4163 legis
936 4080 1396 4165 cognoscendae
1439 4097 1630 4164 capax
1673 4084 1786 4146 est.
1841 4079 2179 4163 Apostolus
2227 4076 2361 4140 vult
2403 4074 2639 4137 dicere:

248 4167 436 4247 Quum
458 4183 668 4245 autem
707 4182 804 4245 sui
832 4181 1111 4246 conscius
1143 4180 1345 4246 factus
1392 4200 1613 4258 essem,
1662 4182 1759 4246 lex
1785 4181 1859 4245 de
1884 4199 2006 4246 non
2044 4175 2530 4290 concupiscendo
2571 4174 2636 4239 in

245 4274 514 4344 notitiam
571 4300 777 4346 meam
838 4283 1147 4361 venisset,
1207 4284 1739 4366 concupiscentia,
1822 4301 1975 4366 quae
2039 4282 2355 4369 hucusque
2412 4277 2478 4345 in
2537 4296 2637 4347 me

249 4367 524 4475 &anquam
567 4386 814 4457 11161166
854 4382 1112 4463 latebat,
1160 4384 1424 4449 excitata
1467 4388 1578 4459 est.
