3234 4992
597 253 713 317 ΠΒ
1579 248 1691 301 ⁰⁸1>-
1716 248 1772 290 x.
1800 259 1847 292 v.
1872 247 2016 290 ο-ιο.

589 437 729 501 fidei
774 436 996 518 cuique
1041 435 1316 500 vicinum
1360 438 1459 500 est
1516 437 1582 499 et
1638 435 1715 500 ad
1778 453 2055 513 manum,
2115 434 2507 500 solummodo
2568 451 2721 518 opus
2768 435 2885 512 est,
2952 439 3025 500 ut

593 541 745 605 illud
802 536 924 601 fide
987 536 1304 619 suscipiat,
1368 536 1591 602 credat
1657 573 1727 582 -
1788 536 2044 603 Verbis:
2103 534 2258 598 τουτ’
2304 534 2427 597 ἔστι
2475 582 2488 595 .
2535 580 2550 595 .
2597 581 2609 594 .
2653 532 3024 617 κηρύσσομεν

589 641 741 705 illuri
787 638 1045 704 verbum
1090 636 1297 722 (ῥῆμα)
1342 639 1593 721 propius
1638 638 1927 721 designat
1985 640 2057 702 ut
2103 638 2355 703 verbum
2422 635 2481 699 fi
2502 636 2539 699 d
2560 636 2648 714 ei,
2706 656 2814 702 seu
2870 638 3024 702 reli-

589 740 792 825 gionis
837 739 1224 818 christianae,
1269 740 1658 824 praedicatae
1715 740 1794 804 ab
1850 740 2169 822 apostolis.
2232 775 2319 787 —
2372 731 2749 819 κηρύσσομεν,
2797 757 3022 821 prae-

589 841 989 918 dicamus,
1036 841 1167 906 scil.
1213 858 1326 905 nos
1371 842 1631 923 apostoli
1676 845 1739 906 et
1780 841 2042 908 Judaeis
2085 841 2150 905 et
2190 839 2553 923 gentilibus.

791 941 866 1006 V.
914 942 973 1009 9.
1043 939 1293 1020 „Quia
1349 942 1407 1005 si
1448 941 1773 1028 professae
1812 942 2028 1028 fimi-s
2097 962 2201 1005 ore
2242 949 2345 1005 tuo
2388 938 2726 1004 Dominum
2776 939 3023 1019 Jeswrn,

585 1053 637 1109 et
693 1042 1024 1109 wadiam-ie
1094 1042 1275 1106 eorde
1343 1051 1446 1106 tuo
1467 1091 1488 1121 ,
1552 1042 1755 1107 Deum
1812 1064 1843 1107 e
1896 1044 2153 1107 mortuis
2207 1064 2341 1106 eum
2395 1041 2734 1120 suscitasse,
2802 1040 3023 1105 salvus

585 1145 766 1209 ειν-ἰῇ
818 1182 879 1191 -
933 1144 1285 1227 Exponit
1339 1143 1477 1221 hic,
1541 1162 1651 1209 cur
1709 1145 1947 1209 dicatur
1990 1143 2072 1228 (v.
2116 1143 2204 1227 8.)
2248 1144 2326 1208 in
2382 1160 2513 1207 ore
2579 1145 2715 1207 tuo
2758 1146 2857 1207 et:
2927 1144 3019 1208 in

581 1246 814 1313 eerde
860 1250 1012 1310 tuo.
1101 1244 1284 1309 Ratio
1329 1243 1458 1324 est,
1517 1246 1664 1329 quia
1723 1246 1801 1310 ad
1846 1246 2114 1310 salutem
2178 1244 2541 1329 requiritur,
2605 1244 2676 1309 ut
2716 1244 2905 1309 homo
2952 1246 3019 1309 et

581 1365 609 1409 e
629 1365 661 1409 e
683 1345 765 1410 τᾶ
785 1365 816 1410 e
861 1346 1089 1423 credat,
1158 1347 1222 1410 et
1265 1366 1420 1429 quae
1463 1347 1823 1427 crediderit,
1884 1364 2051 1424 ore,
2111 1346 2220 1412 ubi
2268 1364 2367 1410 res
2411 1344 2777 1429 poposcerit,
2822 1346 3013 1428 profi-

581 1449 798 1513 teatur.
853 1484 924 1493 --
972 1445 1174 1527 κύριον
1219 1452 1313 1513 est
1357 1449 1783 1532 praedicatum
1831 1447 1929 1532 (ut
1971 1448 2137 1513 Phil.
2183 1447 2243 1527 2,
2292 1446 2438 1530 11.).
2492 1483 2564 1493 —
2611 1446 2834 1511 Posuit
2874 1446 2939 1511 h.
2968 1448 3008 1512 1.

581 1549 889 1633 apestolus
949 1552 1177 1614 exter
1200 1569 1238 1614 n
1261 1568 1377 1614 am
1441 1549 1586 1614 fidei
1630 1550 2069 1633 professionem
2116 1550 2260 1613 ante
2310 1550 2523 1613 actum
2564 1546 2709 1614 fidei
2755 1548 3010 1612 inter-

577 1669 795 1731 num,
841 1650 985 1733 quia
1026 1651 1091 1716 in
1136 1651 1336 1716 verbis
1375 1651 1573 1716 Mosis
1619 1651 1709 1734 (ν.
1742 1652 1832 1734 8.)
1877 1650 2076 1733 primo
2121 1650 2255 1715 loco
2301 1648 2541 1713 dictum
2588 1651 2716 1713 est:
2760 1650 2837 1713 in
2878 1666 3007 1713 ore

577 1757 749 1829 tue,
810 1750 1030 1815 deinde
1074 1754 1314 1816 autem:
1380 1752 1460 1816 in
1505 1751 1747 1817 corde
1792 1752 1970 1828 tuo;
2030 1753 2094 1816 et
2137 1750 2283 1833 quia
2325 1767 2408 1814 os
2455 1749 2545 1815 ibi
2597 1749 3006 1833 distinguitur

577 1869 613 1917 e
661 1869 689 1913 e
713 1852 846 1917 ord
868 1871 930 1930 e,
1000 1852 1191 1918 etiam
1236 1852 1469 1918 Paulus
1533 1853 1852 1917 externam
1909 1852 2054 1916 fidei
2111 1850 2564 1935 professionem
2626 1850 2707 1916 ab
2765 1851 3009 1915 interno

581 1953 721 2017 fidei
765 1957 908 2018 actu
967 1953 1342 2037 distinguere
1387 1953 1616 2031 voluit3
1664 1953 1815 2018 alibi
1861 1952 2025 2018 enim
2071 1952 2157 2036 (1,
2185 1952 2298 2028 163
2323 1952 2383 2029 3,
2430 1945 2532 2016 28.
2559 1952 2690 2035 30.)
2736 1951 3006 2015 salutem

577 2053 945 2137 simpliciter
988 2054 1195 2118 fidei
1238 2054 1508 2119 tribuere
1541 2054 1735 2131 solet3
1779 2072 1901 2119 non
1945 2054 2106 2137 quod
2151 2054 2399 2132 sentiat,
2444 2052 3004 2118 necessariam

573 2173 693 2217 nen
753 2174 888 2219 esse
943 2157 1254 2219 externam
1313 2154 1457 2219 fidei
1522 2154 1967 2238 professionem
1989 2204 2005 2235 ,
2074 2155 2182 2220 sed
2236 2154 2392 2232 ideo,
2452 2153 2616 2237 quod
2676 2154 2795 2219 duo
2854 2152 3006 2217 haec

573 2257 932 2337 [externa
986 2255 1132 2321 fidei
1173 2255 1475 2340 professio
1520 2259 1583 2320 et
1644 2256 2031 2323 internus
2092 2256 2235 2321 fidei
2279 2255 2484 2339 actus)
2528 2274 2599 2319 ex
2646 2256 2867 2319 natura
2909 2253 3002 2316 rei

573 2357 792 2421 intime
838 2355 965 2421 sint
1008 2355 1352 2440 conjuncta.
1404 2392 1474 2404 -
1525 2358 1647 2421 Per
1689 2356 2297 2440 professionem
2343 2357 2402 2421 h.
2448 2356 2581 2421 Let
2621 2355 2686 2420 in
2734 2372 2994 2437 sequen-

577 2457 745 2521 tihus
790 2455 1198 2541 intelligenda
1239 2461 1334 2521 est
1377 2458 1761 2523 animosa
1802 2457 2229 2541 professio
2276 2456 2584 2523 Christi
2627 2456 2796 2520 inter
2838 2454 3000 2519 cala-

581 2557 828 2623 mitates
890 2557 954 2621 et
995 2556 1452 2641 persecutiones
1472 2608 1488 2638 ‚
1549 2578 1706 2642 quae
1748 2559 1926 2624 illam
1984 2558 2203 2643 primis
2254 2558 2551 2623 ecclesiae
2607 2555 2995 2639 temporibus

573 2657 977 2741 excipiebant,
1022 2658 1113 2723 ita
1144 2660 1215 2723 ut
1243 2659 1396 2724 haec
1434 2660 1732 2743 professio
1769 2660 1934 2725 idem
1978 2659 2061 2724 sit
2104 2678 2177 2725 ac
2221 2657 2650 2744 perpessio
2694 2654 2999 2721 calami-

573 2761 831 2825 tatum
877 2762 1215 2843 propter
1260 2758 1698 2827 Christum.
1744 2798 1826 2836 —÷
1872 2761 2211 2845 Apostolus
2253 2761 2313 2826 h.
2359 2761 2400 2825 l.
2447 2760 2640 2825 solius
2704 2775 2999 2823 resur-

573 2877 697 2925 ree
717 2860 779 2925 ti
799 2860 974 2926 onis
1040 2860 1272 2926 Christ-i
1315 2861 1466 2926 facit
1511 2863 1911 2942 mentionem,
1972 2863 2117 2946 quia
2158 2862 2264 2928 ille
2309 2862 2615 2944 articulus⁴
2656 2861 2811 2927 alios
2860 2857 3000 2923 fidei

569 2961 860 3028 articulos
884 2961 1012 3027 fere
1035 2980 1252 3027 omnes
1276 2964 1568 3047 supponit
1591 2966 1654 3029 et
1678 2964 2129 3049 complectitur,
2179 2963 2270 3028 uti
2313 2964 2336 3027 i
2358 2982 2399 3027 n
2414 2981 2447 3028 c
2468 2980 2551 3028 ar
2567 2983 2609 3028 n
2626 2962 2737 3027 ati
2753 2980 2844 3027 on
2864 2978 2985 3037 em,

569 3064 900 3129 mertem
947 3062 1098 3148 ejuS,
1145 3063 1306 3147 quod
1343 3064 1428 3129 sit
1468 3064 1733 3132 Filius
1779 3067 1952 3144 Dei,
1998 3064 2461 3144 Redemtor,
2509 3065 2730 3130 verbo:
2778 3064 2978 3127 totum

565 3165 880 3249 religionis
940 3166 1312 3231 christianae
1373 3166 1724 3233 aedificium
1767 3167 2062 3234 fundatur
2118 3169 2183 3234 in
2239 3167 2685 3235 resurrectione
2731 3162 2977 3239 Christi,

565 3269 661 3333 uti
701 3268 763 3331 id
807 3286 854 3331 s.
897 3269 1219 3350 apostolus
1277 3268 1342 3333 in
1402 3269 1606 3353 prima
1664 3272 1743 3336 ad
1788 3269 2138 3336 Corinthios
2200 3271 2462 3355 epistola
2504 3269 2631 3355 (15,
2682 3270 2783 3336 17.
2830 3265 2981 3349 seq.)

569 3367 852 3433 ostendit.
903 3367 1025 3451 (Cf.
1074 3370 1238 3435 dicta
1279 3369 1359 3435 ad
1401 3370 1586 3436 finem
1640 3374 1695 3452 1,
1733 3372 1822 3458 4.)
1866 3408 1950 3421 —
1991 3369 2267 3455 σωθήσῃ,
2317 3372 2590 3437 salvus
2635 3370 2828 3447 eris,
2887 3367 2981 3432 hic

569 3469 768 3531 salute
811 3468 1118 3550 inchoata,
1167 3471 1295 3535 scil.
1343 3491 1450 3555 per
1480 3474 1747 3556 gratiam
1786 3474 2271 3559 JustificationiS,
2318 3472 2645 3557 aliquando
2690 3488 2833 3537 vero
2878 3487 2980 3553 per

569 3569 830 3649 gleriam
875 3572 1190 3636 aeternam
1235 3572 1299 3636 in
1344 3572 1532 3638 coelo.

770 3669 844 3733 V.
876 3671 971 3735 10.
1017 3718 1054 3750 „
1068 3671 1264 3737 Corde
1306 3674 1462 3738 enim
1505 3673 1775 3739 creditur
1806 3675 1893 3739 ad
1917 3675 2255 3765 justitiam,
2292 3696 2395 3738 ore
2436 3671 2637 3738 autem
2671 3671 2980 3759 professio

553 3769 637 3853 fit
677 3768 765 3833 ed
805 3769 1123 3836 salutem.“
1168 3813 1242 3821 -—
1289 3775 1514 3842 Verbis
1557 3777 1657 3842 his
1699 3777 1987 3861 probat
2028 3776 2197 3863 (γὰρ)
2240 3777 2686 3843 necessitatem
2738 3774 2883 3840 fidei
2922 3774 2980 3836 et

565 3873 962 3953 professionis
1029 3875 1174 3940 fidei
1198 3924 1213 3955 ‚
1291 3880 1477 3961 atque
1551 3878 1833 3943 ostendit
1880 3878 2203 3962 utriusque
2280 3877 2692 3943 effectum.
2801 3876 2980 3940 Fides

565 3993 645 4037 ee
665 3977 749 4037 rd
770 3974 789 4037 i
812 3994 876 4054 s,
939 3974 978 4039 i.
1025 3996 1076 4041 e.
1124 3981 1299 4043 actus
1337 3978 1488 4072 ,fidei
1532 3979 1843 4059 internus»,
1904 3998 2013 4044 seu
2055 3979 2238 4046 firma
2280 3979 2725 4064 redemptionis
2772 3996 2809 4043 a
2850 3977 2974 4042 Deo

565 4073 625 4137 in
665 4073 903 4141 Christo
951 4078 1132 4143 nobis
1179 4079 1424 4145 oblatae
1469 4082 1801 4165 susceptio,
1848 4081 2194 4146 necessaria
2239 4085 2337 4146 est
2378 4081 2459 4148 ad
2492 4079 2976 4164 consequendam

557 4173 870 4257 justitiam
893 4227 908 4258 ,
977 4198 1089 4245 seu
1143 4180 1681 4265 justificationem,
1752 4182 1790 4246 i.
1854 4202 1906 4248 e.
1965 4181 2398 4248 remissionem
2462 4186 2855 4266 peccatorum
2919 4180 2977 4242 et

565 4279 1126 4348 sanetificationem.
1230 4283 1406 4350 Haec
1471 4284 1684 4347 autem
1746 4283 1902 4349 fides
1968 4302 2032 4347 se
2100 4282 2167 4347 in
2232 4302 2374 4366 spe
2440 4286 2503 4347 et
2567 4282 2972 4350 charitate

477 4437 505 4457 .,
565 4384 923 4450 manifestat
955 4384 1270 4451 efficacem
1293 4404 1404 4469 per
1435 4384 1822 4450 constantem
1853 4382 2298 4496 profefxsionem
2325 4383 2497 4465 ⁸inter
2526 4383 2968 4467 persecutiones

2109 4535 2159 4639 Χ
