3234 4992
1213 238 1324 291 Cup.
1349 240 1475 281 vm.
1501 251 1546 283 v.
1574 240 1641 281 1⁹.
2518 243 2638 307 129

210 421 448 504 quando
489 422 710 488 divina
744 422 1196 507 omnipotentia
1225 426 1687 492 renovabuntur
1722 426 1786 490 et
1826 424 2430 493 transformabuntur
2474 447 2506 491 o
2526 447 2558 495 o
2578 447 2638 491 r-

206 540 391 605 pora
435 524 762 604 nostra,
827 525 987 606 quod
1042 524 1158 590 fiet
1208 529 1484 610 tempore
1539 526 1840 592 adventus
1888 524 2118 591 Christi
2171 527 2253 591 ad
2298 526 2638 611 judicium:

207 640 387 705 quare
434 641 591 689 cum
639 625 754 690 hac
791 626 1479 693 manifestatione
1523 625 1960 711 (ἀποκάλυψις)
1986 625 2175 693 simul
2203 626 2642 711 intelligendus

208 727 300 788 est
342 724 765 791 adventus
813 725 1138 792 Christi
1182 727 1276 793 ad
1310 728 1721 812 judicium
1766 726 2127 813 (παρουσία).

404 824 485 889 V.
541 825 648 891 19.
692 826 913 905 „Nam
954 829 1317 913 exspectatio
1360 836 1680 893 creaturae
1721 826 2148 893 revelationem
2197 826 2474 913 filioram
2518 827 2642 893 Da·

206 930 580 1008 aspectam
634 962 704 973 —
751 925 930 1006 Quod
965 928 1043 993 ad
1074 948 1301 994 nexum
1339 929 1523 1014 hujus
1547 947 1761 995 versus
1783 948 1929 995 cum
1953 929 2346 1012 praecedenti
2390 931 2638 1011 attinet,

207 1041 241 1087 a
301 1025 577 1091 diversis
641 1026 1052 1094 diversimode
1109 1029 1419 1095 statuitur.
1508 1029 1810 1097 Nonnulli
1872 1029 2044 1113 (cum
2089 1048 2137 1094 s.
2188 1027 2394 1115 chry
2418 1047 2498 1095 so
2518 1051 2546 1095 s
2570 1035 2638 1109 t..

208 1123 682 1210 Theophyl„
730 1148 778 1194 s,
826 1128 1154 1215 Thoma)
1193 1134 1438 1214 putant,
1483 1131 1598 1197 hoc
1635 1148 1815 1196 versu
1850 1130 2282 1195 illustrari
2320 1131 2642 1215 magnitu-

207 1223 410 1289 dinem
454 1226 714 1294 futurae
755 1229 988 1313 gloriae
1031 1230 1302 1297 filiorum
1345 1232 1480 1311 Dei,
1527 1249 1685 1315 quae
1728 1231 2025 1296 nimirum
2068 1229 2246 1296 tanta
2290 1231 2406 1307 est,
2454 1231 2522 1295 ut
2570 1235 2638 1295 ot

207 1324 339 1407 ipsa
384 1330 701 1408 creatura,
747 1330 1004 1395 rationis
1060 1350 1293 1415 expers,
1361 1350 1502 1408 eam
1563 1332 2011 1415 participatura
2070 1332 2168 1398 sit.
2239 1368 2325 1380 —
2390 1331 2638 1395 Praefo-

206 1426 388 1491 renda
434 1446 592 1493 vero
637 1432 733 1494 est
771 1431 1084 1497 sententia
1107 1449 1339 1512 eorum,
1388 1432 1493 1516 qui
1538 1434 1846 1512 statuunt,
1892 1432 2246 1516 apostolum
2290 1432 2410 1499 hoo
2454 1451 2638 1495 versu

209 1524 349 1590 dare
394 1529 817 1596 rationem
865 1531 1354 1614 pracedentium,
1401 1550 1538 1598 cur
1565 1532 1847 1599 futurum
1873 1534 1976 1612 sit,
2021 1535 2094 1597 ut
2126 1533 2236 1598 illa
2266 1534 2462 1617 gloria
2506 1551 2638 1599 oer-

208 1625 447 1716 tissime
469 1629 543 1695 in
579 1630 760 1696 nobis
784 1633 1107 1713 reveletur,
1155 1633 1298 1715 quia
1319 1634 1495 1699 tota
1538 1637 1779 1699 natur
1798 1653 1852 1714 a,
1888 1636 2023 1700 tota
2044 1637 2342 1711 creatura,
2382 1635 2638 1699 rationis

211 1745 438 1809 expers,
492 1730 691 1796 istam
734 1732 1002 1815 gloriam
1048 1734 1309 1798 sollicite
1353 1735 1681 1817 exspectat,
1743 1738 1815 1799 ut
1862 1734 2149 1819 deinceps
2196 1734 2362 1818 (coll.
2410 1755 2462 1803 v.
2510 1735 2638 1819 21.)

214 1828 270 1891 et
309 1828 451 1911 ipsa
495 1832 738 1915 gloriae
780 1833 1092 1917 particeps
1135 1834 1282 1911 fiat;
1325 1852 1473 1900 nam
1519 1852 1644 1900 non
1684 1834 2134 1919 glorificabitur
2176 1835 2474 1911 creatura,
2518 1835 2638 1899 nisi

216 1928 573 2010 glorificatis
625 1932 770 1998 filiis
807 1933 944 1998 Dei.
995 1970 1069 1981 --
1116 1934 1239 1999 Per
1285 1952 1502 2000 vocem
1541 1938 1744 2011 κτίσις,
1788 1936 1934 2019 quia
1970 1935 2374 2019 distinguitur
2398 1935 2478 2019 (v.
2506 1935 2638 2019 23.)

216 2045 250 2091 a
302 2035 594 2099 creatura
655 2034 1032 2113 humana,
1101 2036 1166 2100 h.
1223 2037 1264 2100 1.
1337 2055 1453 2101 nec
1522 2036 1791 2121 intelligi
1855 2038 2120 2119 possunt
2184 2035 2642 2101 christiani

218 2128 457 2216 (Aug),
520 2152 642 2199 nec
697 2134 743 2201 J
760 2135 1040 2214 udaei,
1088 2138 1195 2202 aut
1249 2132 1662 2219 gentileS,'
1708 2136 1983 2203 nondum
2038 2134 2330 2215 conversi,
2394 2139 2502 2219 qui
2562 2135 2638 2199 ab

219 2235 490 2313 apostolo
533 2231 779 2316 κόσμος,
823 2254 1142 2320 nunquam
1177 2254 1322 2302 vero
1362 2240 1546 2310 κτίσις
1581 2240 1916 2315 vocantur;
1961 2255 2075 2303 nec
2096 2238 2402 2321 angeli,
2450 2255 2638 2319 quum

218 2329 281 2396 hi
321 2351 436 2399 nec
482 2336 749 2402 vanitati
794 2336 1060 2421 subjecti
1104 2338 1232 2403 sint
1275 2336 1358 2421 (v.
1397 2338 1547 2424 20.)‚
1594 2356 1708 2403 nec
1750 2338 2057 2404 liberandi
2096 2355 2135 2403 a
2170 2336 2462 2404 servituto
2506 2355 2638 2403 oor-

221 2433 520 2515 ruptionis
568 2437 653 2522 (v.
711 2436 863 2522 21.),
922 2473 1008 2485 —
1065 2437 1171 2503 sed
1212 2437 1617 2523 intelligenda
1661 2442 1758 2504 est
1816 2442 2221 2518 creatura,
2288 2439 2642 2504 rationis

222 2548 538 2616 expers,
624 2537 798 2603 tota
861 2556 1128 2603 rerum
1209 2538 1758 2617 universitas,
1824 2538 1959 2603 tota
2022 2556 2286 2604 rerum
2350 2543 2642 2603 natura

227 2628 344 2712 (die
387 2654 588 2719 ganze
629 2637 862 2703 leblose
907 2638 1033 2703 und
1076 2637 1403 2723 lebendige
1446 2639 1676 2724 Natur)
1729 2640 1795 2706 in
1837 2640 2140 2706 antithesi
2181 2658 2325 2705 cum
2366 2639 2638 2703 homino.

225 2728 340 2814 (Ita
374 2734 515 2819 jam
570 2738 861 2804 Irenaeus
907 2742 972 2803 et
1011 2739 1427 2824 recentiores).
1498 2778 1573 2787 —-
1636 2741 1817 2805 Hanc
1859 2740 2059 2806 totam
2103 2760 2308 2806 rerum
2350 2743 2638 2803 naturam

225 2835 535 2914 apostolus
573 2858 684 2922 per
721 2840 1230 2923 prosopopoeiam
1267 2840 1450 2923 fingit
1490 2841 1665 2905 velut
1705 2858 2177 2923 personam,
2224 2857 2378 2923 quae
2410 2859 2638 2923 magno

224 2930 527 3004 desiderio
588 2942 905 3025 exspectat
958 2941 1220 3025 gloriam
1277 2940 1549 3007 filiorum
1592 2940 1729 3020 Dei,
1787 2944 1860 3005 ut
1903 2945 1967 3019 et
2009 2941 2149 3024 ipsa
2200 2939 2426 3023 gloriae
2470 2939 2638 3003 illius

223 3036 527 3123 particeps
584 3041 716 3109 fiat.
757 3078 846 3091 —-
897 3040 1344 3125 ἀποκαραδοκία
1403 3042 1501 3126 (ex
1563 3041 1709 3117 ἀπὸ,
1760 3040 1936 3125 καροὶ,
2001 3042 2277 3125 caput,
2334 3047 2394 3103 ot
2450 3043 2638 3100 onnon:

223 3149 320 3200 seu
362 3138 618 3222 δοκεύω,
665 3144 1044 3225 observo,
1108 3162 1253 3229 ergo
1299 3142 1771 3225 α’ποκαραδοκέω
1816 3146 2022 3209 erecto
2067 3142 2269 3227 capite
2310 3143 2642 3227 prospicio)

224 3233 276 3300 h.
320 3239 360 3305 l.
408 3242 725 3329 significat
781 3246 1288 3327 sollicitam,
1346 3246 1765 3311 intensam
1824 3248 1887 3310 et
1944 3244 2470 3310 constantem
2526 3263 2642 3307 ox-

226 3346 834 3421 spectationem.
902 3382 988 3392 --
1061 3346 1707 3412 Revelationem
1785 3344 2164 3410 filiorum
2230 3343 2410 3421 Dei,
2478 3343 2514 3407 i.
2590 3363 2642 3407 o.

226 3435 374 3507 illud
438 3447 738 3529 temporis
803 3447 1212 3525 momentum,
1279 3464 1397 3530 quo
1441 3446 1552 3525 illi,
1607 3445 1728 3530 „qui
1783 3445 1883 3510 his
1944 3444 2013 3509 in
2070 3444 2248 3509 terris
2303 3443 2642 3509 seeundum

225 3542 774 3630 Spiritumjam
814 3550 961 3612 sunt
992 3546 1266 3625 filiiDei,
1312 3547 1502 3612 etiam
1530 3550 1911 3625 externe,
1958 3544 2297 3610 secundum
2319 3563 2642 3627 eorpus,

227 3657 339 3720 qua
382 3648 542 3713 tales
587 3648 991 3731 apparebunt,
1039 3666 1160 3732 qua
1201 3648 1498 3713 haeredes
1531 3648 1649 3712 Dei
1692 3649 1755 3712 et
1795 3647 1970 3731 regni
2014 3646 2165 3728 ejus,
2212 3647 2410 3711 ornati
2450 3647 2646 3727 glorio.

231 3738 462 3813 Christi
507 3751 571 3813 et
612 3748 1043 3833 transfigurati
1077 3750 1142 3814 in
1182 3748 1506 3833 splendore
1529 3748 1669 3813 Dei.
1714 3782 1800 3795 ——
1841 3748 1934 3812 De
1957 3747 2070 3812 tali
2112 3747 2646 3812 renovatione

229 3845 298 3906 et
337 3850 992 3931 glorificatione
1035 3851 1230 3915 totius
1286 3869 1494 3914 rerum
1539 3848 1981 3927 universitatis,
2030 3848 2346 3913 creaturae
2390 3847 2646 3911 rationis

229 3950 502 4031 expertis,
549 3970 661 4016 seu
702 3953 979 4029 naturae,
1035 3949 1171 4033 jam
1229 3950 1565 4033 loquuntur
1621 3949 2078 4034 prophetae
2123 3948 2197 4013 V.
2245 3948 2338 4028 ¹1¹„
2382 3947 2478 4007 uti
2522 3943 2562 4011 ,J
2582 3963 2642 4007 o-

231 4047 472 4131 saias,
536 4051 641 4134 qui
700 4050 827 4136 (65,
878 4050 1006 4135 17.)
1065 4050 1251 4116 dicit:
1315 4051 1514 4135 „Ecce
1575 4068 1690 4134 ego
1750 4067 1889 4115 creo
1945 4048 2230 4115 coelos
2291 4063 2538 4111 novos
2582 4047 2646 4107 ot

229 4146 517 4217 terram
578 4160 888 4231 novam,
956 4154 1017 4217 et
1074 4170 1196 4217 non
1272 4155 1451 4217 erunt
1517 4151 1584 4216 in
1652 4149 1953 4216 memoria
2008 4149 2325 4233 priora,
2394 4147 2454 4211 ot
2522 4163 2646 4207 :non

233 4252 551 4318 ascendent
596 4270 779 4335 super
821 4251 984 4317 cor.“
1071 4251 1169 4316 Ita
1211 4252 1403 4316 etiam
1446 4251 1720 4334 loquitur
1776 4248 2222 4333 psalmista
2275 4247 2446 4331 (101,
2490 4243 2646 4327 alm.

235 4342 525 4417 Similiter
583 4351 774 4416 etiam
835 4352 901 4417 in
959 4350 1038 4416 N.
1088 4352 1159 4417 Τ.
1216 4351 1326 4417 illa
1380 4350 1693 4416 renovatio
1756 4349 1948 4415 totius
2007 4347 2262 4413 naturae
2322 4347 2362 4411 d
2380 4347 2402 4411 i
2421 4367 2498 4411 re
2518 4367 2550 4411 o
2570 4351 2646 4407 to

237 4444 530 4536 descripta
569 4452 803 4535 legitur
845 4451 1013 4537 (Act.
1039 4452 1099 4534 3,
1142 4451 1244 4517 21.
1283 4452 1512 4519 Matth.
1541 4452 1641 4532 19,
1685 4450 1835 4537 28.),
1885 4467 2030 4516 cum
2075 4448 2162 4519 sit
2201 4448 2292 4514 ibi
2325 4463 2526 4623 fflflmfl
2570 4447 2646 4511 do

422 4567 814 4614 Commeat-rim..
