3234 4992
1230 261 1340 313 cap.
1367 262 1486 305 xxv.
1512 271 1557 303 v.
1585 262 1753 304 18-81.
2563 262 2689 327 229
2770 268 2781 275 ·

264 465 454 527 quum
505 446 780 531 Spiritus
821 468 868 512 s.
917 449 983 512 in
1026 449 1278 514 homine
1320 452 1604 532 operetur
1639 453 1972 533 justitiam,
2018 471 2237 535 pacem
2273 451 2333 512 et
2367 446 2683 531 gaudium.

268 584 332 592 —
385 546 570 623 „Deo
635 559 909 634 acceptus
967 560 1023 613 et
1077 550 1414 614 hominibus
1466 552 1771 638 probatus
1827 560 1973 631 esff‘,
2017 554 2054 617 i.
2104 572 2154 616 0.
2201 553 2331 615 Deo
2377 550 2583 632 placet
2626 552 2727 611 et·

262 647 629 713 hominibus
674 655 967 733 acceptus
1012 656 1125 716 est.
1217 649 1478 733 δόκιμος,
1521 656 1811 737 acceptus
1859 660 1971 719 est.

459 749 536 814 V.
588 751 686 815 19.
731 752 992 837 „Itaque
1036 775 1283 839 operam
1326 754 1534 817 demus
1575 757 1677 833 iis,
1720 778 1876 841 quae
1920 755 2103 841 pacis
2157 762 2296 817 sunt
2353 762 2409 814 et
2446 760 2693 814 mutuae

260 849 776 933 aedfficationis.“
861 854 1019 918 Vult
1086 855 1323 919 dicere:
1391 857 1610 938 Itaque
1696 875 1943 940 operam
2030 857 2249 920 demus
2331 855 2470 937 paci
2533 853 2691 916 inter

261 950 483 1015 fratres
551 954 1009 1019 conservandae
1089 958 1153 1019 et
1228 959 1679 1039 promovendae
1746 964 2000 1022 mutuae
2066 956 2490 1021 aedificationi.
2579 954 2691 1016 Est

261 1053 695 1120 conclusio
741 1074 811 1119 ex
855 1060 1218 1139 antegressa
1262 1059 1540 1123 doctrina
1586 1058 1666 1142 (v.
1720 1060 2033 1140 13—18.).
2102 1094 2167 1104 —-
2239 1053 2485 1131 διώκειν,
2551 1073 2691 1136 per-

263 1154 469 1234 sequi:
518 1156 980 1238 metaphorice:
1039 1159 1302 1235 studere,
1367 1178 1618 1242 operam
1679 1160 1823 1224 dare
1885 1160 2069 1224 alicui
2131 1158 2234 1221 rei.
2326 1156 2400 1217 τὰ
2461 1154 2567 1238 τῆς
2608 1159 2688 1215 εἰ-

259 1252 458 1335 ρήνης,
528 1262 639 1338 τῆς
705 1260 1045 1338 οἰκοδομῆς,
1112 1277 1202 1337 ea,
1267 1278 1420 1341 quae
1478 1261 1686 1343 pacis,
1751 1280 1906 1343 quae
1972 1256 2419 1324 aedificationis
2484 1257 2692 1340 (spiri-

263 1355 479 1440 tualis)
529 1360 679 1423 sunt
722 1361 986 1442 propria.
1080 1359 1395 1440 οἰκοδομή,
1443 1363 1774 1426 exstructio
1836 1362 1916 1443 (v.
1966 1380 2018 1426 c.
2064 1359 2433 1442 tectorum);
2492 1362 2691 1422 meta-

261 1456 505 1536 phorice
551 1460 662 1523 hic
709 1460 935 1524 dicitur
979 1460 1054 1523 de
1097 1462 1514 1544 promovendo
1577 1464 1887 1545 spirituali
1944 1462 2271 1547 cujusdam
2330 1462 2507 1538 110110,
2573 1477 2691 1541 quo

262 1558 389 1621 scil.
456 1560 660 1643 ipsius
726 1562 972 1625 animus
1017 1563 1194 1645 quasi
1239 1563 1588 1641 exstruitur,
1652 1565 1727 1628 de
1787 1563 2399 1628 aedificatione
2456 1560 2689 1643 spiri-

264 1658 504 1725 tuali.
602 1662 769 1726 Bene
815 1662 1105 1728 observat
1146 1664 1464 1729 Estius:
1511 1664 1801 1729 Pacem
1846 1666 2101 1747 opponit
2141 1661 2694 1746 disceptationibus

264 1778 372 1824 seu
419 1764 1004 1844 concertationibuS,
1052 1784 1204 1847 quas
1247 1767 1410 1829 inter
1467 1784 1531 1829 se
1593 1766 1948 1843 habebant:
2008 1765 2693 1830 aedificationem

263 1863 470 1927 autem
541 1865 858 1943 scanda10,
929 1867 1004 1930 de
1072 1885 1190 1948 quo
1260 1867 1538 1949 superius
1609 1868 1835 1949 egerat.
1930 1866 2093 1932 Nam
2162 1866 2522 1930 scandalum
2590 1864 2691 1927 de-

266 1962 522 2029 structio
570 1967 833 2048 proximi
877 1971 987 2030 est.

465 2066 540 2131 V.
606 2068 705 2132 20.
771 2068 918 2146 „Ne
963 2076 1223 2153 propter
1281 2068 1478 2131 eibum
1543 2068 1826 2131 desto-aas
1902 2090 2053 2153 opus
2114 2067 2301 2129 Dei.“
2385 2067 2539 2131 Vult
2599 2066 2690 2129 di-

266 2183 432 2230 cere:
481 2167 667 2246 Cave,
737 2188 814 2233 110
879 2170 1001 2233 01111
1061 2188 1250 2233 causa
1316 2170 1594 2233 destruas
1640 2169 1835 2233 vitam
1904 2168 2324 2245 christianam,
2391 2166 2581 2230 fidem
2628 2171 2692 2230 et

267 2266 589 2347 pietatem,
636 2269 698 2332 in
745 2269 934 2333 fratre
977 2270 1238 2333 infirmo.
1332 2268 1437 2334 Sic
1485 2272 1694 2333 monet
1736 2270 2073 2352 apostOIUS,
2133 2287 2211 2331 ne
2257 2287 2366 2332 nos
2413 2267 2691 2350 exemplo

269 2369 470 2433 nostro
519 2370 686 2433 malo
747 2371 1140 2434 destruamus
1209 2370 1462 2448 1101111111,
1527 2372 1688 2453 quod
1733 2372 1903 2435 Deus
1946 2372 2009 2435 in
2057 2370 2328 2453 proximo
2374 2369 2691 2433 exstruxit.

269 2465 474 2550 Opus
537 2471 684 2534 Dei
744 2471 840 2535 est
897 2471 1051 2535 fides
1113 2474 1176 2534 et
1235 2472 1430 2554 pietas
1493 2472 1649 2555 (vita
1708 2470 2087 2556 christiana),
2152 2490 2339 2553 quam
2400 2471 2569 2534 Deus
2627 2470 2692 2532 in

270 2566 456 2633 fratre
493 2570 747 2635 infirmo
793 2572 995 2655 gratia
1039 2590 1150 2635 sua
1194 2573 1506 2636 exstruxit.
1609 2574 1737 2637 Alii
1784 2574 2046 2657 (Estius)
2090 2592 2200 2656 per
2241 2590 2395 2656 opus
2437 2572 2556 2636 Dei
2599 2571 2692 2634 in-

270 2670 570 2754 telligunt
635 2672 843 2753 ipsum
910 2671 1258 2736 fratrem
1321 2673 1911 2752 christianum,
1978 2675 2099 2738 fide
2169 2678 2232 2738 et
2297 2673 2522 2757 pietate
2575 2674 2694 2736 im-

270 2770 510 2837 butum.
609 2775 841 2837 Sensus
893 2773 960 2837 in
1021 2774 1371 2838 substantia
1425 2776 1589 2839 idem
1653 2780 1767 2839 est.
1858 2775 2147 2839 Ceterum
2204 2775 2495 2857 loquendi
2538 2774 2695 2838 ratio

271 2876 532 2954 apostoli
582 2878 678 2939 est
716 2875 1151 2957 metaphorica,
1216 2876 1401 2939 ducta
1453 2877 1727 2959 imagine
1786 2878 1862 2941 ab
1915 2877 2339 2952 aedificio,
2387 2876 2547 2957 quod
2592 2894 2692 2939 ex-

271 2976 529 3040 struitur
573 2976 672 3039 vel
717 2976 1074 3040 destruitur.
1119 3013 1204 3023 -
1249 2975 1520 3053 „Omnia
1561 2977 1796 3040 munda
1839 2978 2160 3057 mundis‚·“
2204 2977 2381 3059 quasi
2427 2976 2692 3039 diceret:

274 3072 424 3155 Scio,
471 3078 716 3141 nullum
756 3077 968 3141 cibum
1016 3097 1086 3141 ex
1131 3081 1351 3142 natura
1397 3096 1508 3141 sua
1534 3078 1931 3142 immundum
1978 3098 2131 3155 esse,
2179 3080 2242 3141 et
2282 3078 2584 3142 hactenus
2628 3076 2693 3140 in

273 3178 502 3243 nullius
564 3179 687 3243 cibi
746 3198 865 3243 usu
911 3180 1246 3260 quidquam
1294 3198 1428 3242 esse
1476 3179 1642 3243 mali.
1734 3178 1951 3243 Verbis
1996 3179 2091 3243 his
2136 3178 2556 3255 concedit,
2602 3177 2697 3240 uti

274 3296 462 3362 supra
485 3280 566 3364 (v.
598 3279 745 3363 14.),
793 3280 953 3361 quod
975 3280 1196 3362 aliquis
1221 3281 1278 3344 ei
1302 3282 1514 3363 posset
1538 3282 1819 3363 objicere,
1869 3281 2165 3345 nimirum
2190 3281 2457 3343 nullum.
2480 3280 2691 3345 cibum

273 3398 341 3443 ex
396 3401 465 3446 se
520 3381 916 3445 immundum
977 3401 1142 3458 esse:
1202 3386 1449 3465 negat
1501 3400 1643 3446 vero
1706 3384 1921 3446 statim
1966 3382 2693 3463 consequentiam,

275 3498 392 3545 non
442 3501 602 3558 esse,
649 3500 754 3546 eur
798 3482 876 3545 ab
921 3483 1028 3547 illo
1075 3483 1478 3559 abstineatur,
1527 3484 1675 3547 dum
1722 3482 1905 3546 dicit:
1965 3480 2135 3562 „Sed
2176 3481 2408 3545 malum
2450 3482 2696 3562 homini,

277 3583 380 3663 qui
419 3606 556 3646 cum
600 3582 963 3669 offendiculo
1005 3582 1340 3646 manducat
1350 3588 1417 3663 ;“
1459 3584 1639 3666 quasi
1681 3584 1943 3647 diceret:
2007 3582 2126 3648 Sed
2185 3588 2397 3647 tamen
2460 3585 2697 3648 malum

278 3680 424 3747 facit
469 3686 530 3748 et
567 3688 783 3766 peccat
826 3685 1032 3763 1101110,
1093 3685 1197 3766 qui
1240 3686 1588 3767 promiscuo
1649 3685 1926 3749 ciborum
1984 3676 2100 3748 us‘u
2160 3683 2459 3749 fratribus
2522 3702 2695 3749 occa-

281 3783 516 3850 sionem
561 3785 816 3868 praebet
859 3786 1168 3866 peccandi.

483 3886 559 3950 V.
605 3886 704 3949 21.
751 3886 1038 3963 „Bonum
1083 3895 1187 3964 est,
1229 3908 1350 3949 non
1391 3885 1770 3949 manducare
1810 3908 2043 3964 carnea,
2087 3908 2193 3949 nec
2234 3883 2429 3947 bibere
2470 3886 2699 3963 vinum,

281 4004 383 4047 nec
427 3984 688 4071 aliquid,
731 3988 800 4049 in
843 4010 959 4072 quo
986 3987 1205 4072 frater
1249 3996 1385 4050 tuus
1428 3986 1699 4072 offendit,
1762 3997 1871 4050 aut
1932 3986 2413 4064 scandalizatur,
2458 3996 2569 4049 aut
2608 3988 2699 4049 in-

269 4084 627 4165 firmaturf‘
711 4088 864 4153 Vult
908 4090 1142 4153 dicere:
1207 4088 1435 4153 Contra
1499 4092 1710 4153 autem
1772 4091 1936 4154 recte
1996 4089 2172 4166 faciS,
2244 4088 2315 4165 si,
2382 4107 2458 4151 ne
2523 4089 2699 4152 fratri

285 4188 388 4251 tuo
435 4190 799 4254 scandalum
845 4191 1167 4273 praebeaS,
1215 4190 1489 4253 abstines
1534 4209 1569 4253 a
1615 4190 1927 4269 carnibus,
1976 4194 2038 4253 et
2082 4210 2119 4254 a
2161 4190 2302 4255 vino
2345 4193 2407 4253 et
2451 4190 2699 4253 omnino

291 4304 326 4350 a
370 4308 732 4373 quocunque
778 4292 1028 4355 tandem
1076 4292 1211 4355 cibo
1256 4292 1355 4355 vel
1399 4291 1568 4373 potu,
1617 4291 1793 4374 cujus
1841 4292 2116 4374 sumptio
2174 4290 2350 4355 fratri
2406 4294 2512 4355 tuo
2568 4291 2702 4354 fieri

289 4394 483 4471 possit
541 4394 776 4461 occasio
835 4394 1147 4476 peccandi.
1235 4392 1426 4473 καλὸν,
1486 4393 1616 4457 3011.
1666 4396 1763 4454 σοὶ
1822 4396 1957 4457 ἐστι.
2034 4395 2173 4475 κρέα
2228 4411 2335 4476 pro
2395 4392 2607 4467 κρέατα
2666 4411 2703 4457 a
