3234 4992
1220 251 1332 303 Gap.
1359 253 1440 296 1v.
1466 263 1513 295 v.
1539 254 1604 294 16.
2534 257 2614 320 67

200 437 322 502 suis
366 440 430 502 et
473 439 794 507 mandatis
841 439 1404 523 concupiscentiam
1448 441 1677 506 excitat
1718 443 1783 504 61
1827 439 1905 506 611
1960 438 2342 522 peccandum
2411 438 2619 504 irritat

199 537 388 622 (juxta
427 539 624 604 illud:
691 541 1044 606 nitimur
1085 541 1165 606 in
1221 539 1614 626 vetitum),
1683 541 1790 606 dat
1834 541 2123 607 notitiam
2166 541 2405 624 peccati
2448 539 2614 623 (coll.

197 641 251 719 3,
292 640 441 723 20.),
488 643 684 723 atque
724 641 815 706 ita
856 643 1046 726 auget
1088 640 1175 726 (5,
1220 642 1351 726 20.)
1397 642 1648 724 culpam
1706 641 1977 707 hominis
2046 646 2111 707 et
2175 644 2619 723 consequenter

197 741 532 806 vindictam
581 742 876 807 divinam.
926 743 992 808 Si
1035 746 1251 808 autem
1292 743 1389 806 161
1431 743 1634 807 iram
1678 746 1997 826 operatur,
2064 761 2189 808 non
2230 745 2437 826 potest
2477 761 2617 825 pro-

197 843 557 908 missionem
603 844 878 927 operari;
924 863 1071 910 nam
1115 843 1442 928 promissio
1484 843 1771 908 innititur
1796 863 1867 908 61
1892 847 2067 927 parte
2099 844 2217 908 Dei
2259 844 2615 927 gratiae,

195 944 455 1025 gratia
499 947 718 1008 autem
763 946 826 1010 et
865 945 992 1010 ira
1035 944 1412 1028 (benedictio
1459 948 1522 1008 61
1585 943 1967 1028 maledictio)
2030 944 2154 1008 sibi
2212 963 2247 1010 e
2315 943 2613 1008 diametro

197 1045 332 1108 sunt
372 1044 717 1128 oppositae.
766 1044 945 1125 Quod
988 1046 1088 1110 lex
1127 1044 1288 1110 iram
1331 1047 1635 1128 operetur,
1680 1045 1901 1127 probat
1945 1044 2261 1129 apostolus
2310 1045 2618 1110 sententia

195 1145 607 1227 negativa,
656 1147 805 1211 dum
850 1145 1033 1212 dicit:
1077 1144 1258 1225 „Ubi
1298 1146 1457 1210 enim
1497 1167 1622 1209 non
1660 1153 1748 1208 est
1768 1144 1889 1225 lew,
1932 1167 2040 1210 nco
2068 1145 2619 1232 praevaricatio“;

196 1242 231 1307 i.
273 1262 322 1308 6.
368 1244 479 1309 ubi
522 1263 653 1310 non
697 1247 795 1311 661
835 1247 952 1322 lex,
1019 1247 1106 1312 ibi
1149 1245 1627 1330 transgressioni
1668 1247 1827 1330 legis
1894 1265 2014 1311 non
2070 1248 2167 1311 est
2208 1247 2401 1326 166116,
2470 1263 2615 1329 6186

199 1362 302 1408 666
342 1344 488 1424 1166,
534 1346 687 1411 11166
731 1365 846 1412 666
888 1346 1216 1424 vindictae,
1279 1365 1393 1412 nec
1438 1364 1702 1430 poenae3
1772 1346 1861 1411 ibi
1902 1346 2093 1430 igitur
2133 1345 2325 1412 libere
2368 1345 2615 1429 operari

201 1447 396 1526 potest
437 1448 652 1530 gratia
695 1447 830 1526 Dei,
874 1447 1021 1512 hinc
1070 1448 1259 1512 etiam
1315 1447 1665 1512 haereditas
1732 1448 2041 1530 promissa
2084 1447 2237 1512 dari.
2326 1446 2616 1512 Ceterum

196 1542 362 1624 νόμος
400 1547 462 1612 11.
490 1548 534 1612 1.
561 1549 646 1612 ob
671 1550 1028 1613 contextum
1074 1552 1136 1613 et
1179 1566 1397 1613 vocem
1438 1545 1778 1628 παράβασις
1823 1548 2072 1612 denotat
2105 1548 2312 1631 legem
2338 1548 2613 1630 aliquam
2696 1605 2705 1612 .

199 1646 303 1710 Dei
340 1649 811 1730 positivam.
858 1649 953 1713 De
997 1667 1172 1714 voce:
1218 1650 1347 1713 ira
1389 1649 1548 1714 conf.
1601 1653 1658 1728 1,
1707 1650 1804 1714 18.

381 1748 457 1813 V.
508 1751 615 1815 16.
661 1749 1041 1836 „Propterea
1083 1771 1160 1814 cx
1185 1749 1382 1833 fide‘⁴,
1425 1750 1466 1814 i.
1491 1769 1540 1814 e.
1567 1769 1761 1833 quum
1805 1749 2152 1815 haereditas
2177 1749 2607 1831 promissionis
2710 1779 2714 1784 ·

202 1845 478 1914 Abrahae
521 1850 732 1914 factae
778 1849 915 1934 (seu
961 1852 1131 1916 salus
1155 1849 1498 1936 Messiana)
1545 1868 1668 1916 non
1706 1850 2061 1917 obtineatur
2084 1851 2334 1932 exlege,
2382 1850 2611 1915 idcirco

203 1945 484 2015 haeredes
532 1951 961 2036 promissionis
1006 1954 1150 2016 sunt
1192 1951 1255 2030 ii,
1324 1951 1465 2034 qui
1519 1952 1864 2016 credunt
1930 1950 2069 2034 (seu
2112 1950 2463 2015 haereditas
2505 1950 2615 2014 illa

203 2046 438 2115 obvenit
478 2071 554 2116 ex
599 2051 766 2138 fide).
813 2089 898 2099 —-
937 2052 1145 2118 Verba
1189 2055 1250 2114 ἐκ
1292 2055 1559 2128 πίστεως,
1626 2052 1770 2136 quia
1812 2054 2206 2135 opponuntur
2264 2051 2489 2115 verbis:
2556 2054 2616 2111 οἱ

204 2149 258 2208 ἐκ
292 2146 470 2230 νόμου
511 2150 866 2234 κληρονόμοι
913 2151 1166 2238 (v.14.)‚
1194 2154 1393 2236 posita
1414 2158 1580 2232 sunt,
1605 2172 1747 2236 pro:
1795 2157 1853 2215 οἱ
1878 2157 1941 2216 ἐκ
1982 2157 2232 2222 πίστεως
2275 2148 2617 2233 κληρονόμοι

206 2253 308 2310 εἰσί
345 2251 476 2338 (qui
517 2254 711 2318 fidem
767 2253 1020 2332 habent,
1085 2255 1380 2319 haeredes
1443 2252 1635 2338 sunt).
1680 2290 1766 2300 —
1808 2254 1945 2333 „Ut
1972 2275 2096 2340 per
2133 2253 2469 2340 qratiam“,
2535 2255 2607 2317 ut

206 2349 542 2419 haereditas
589 2355 702 2419 illa
745 2373 880 2419 esse
923 2355 1309 2437 intelligatur
1370 2355 1647 2438 gratuita
1706 2357 1770 2419 et
1825 2354 2119 2420 indebita.
2212 2353 2428 2420 Stante
2495 2353 2615 2418 hac

211 2452 598 2534 explicatione
643 2460 781 2539 post
827 2461 918 2520 ἱνα
961 2457 1305 2540 suppletur,
1352 2454 1390 2540 ᾐ
1437 2461 1545 2520 661
1588 2457 1852 2538 γένηται,·
1897 2456 1951 2520 61
1994 2460 2203 2521 autem
2253 2453 2399 2518 aim
2465 2475 2614 2538 sup-

208 2551 412 2634 pletur,
481 2575 708 2622 sensus
753 2560 884 2622 est:
950 2561 1022 2622 111
1065 2557 1435 2642 intelligant,
1503 2575 1628 2636 666,
1696 2557 1751 2622 61
1794 2558 1963 2622 Deus
2028 2555 2503 2640 promissionem
2546 2556 2614 2621 in

213 2651 290 2716 eis
346 2655 587 2740 implet,
653 2657 945 2723 haeredes
1009 2657 1441 2740 promissionis
1510 2676 1649 2722 6666
1714 2674 1837 2723 666
1903 2676 1974 2721 61
2040 2657 2297 2735 merito,
2366 2656 2476 2721 sed
2543 2675 2615 2720 ex

211 2757 488 2832 gratia.
539 2793 624 2806 —
669 2758 807 2839 „Ut
851 2758 1049 2842 firma
1112 2759 1193 2822 sit
1241 2758 1574 2844 promissio
1634 2757 1800 2822 omni
1860 2757 2136 2820 semini“.
2224 2757 2449 2822 Verbis
2514 2755 2613 2820 his

215 2851 612 2937 duplicem
680 2858 856 2924 affert
923 2859 1259 2937 rationem,
1326 2877 1512 2940 quare
1579 2859 1749 2924 Deus
1813 2858 1983 2936 vult,
2051 2859 2121 2920 ut
2186 2856 2611 2941 promissionis

211 2950 538 3028 haereditas
582 2960 821 3026 homini
864 2959 1156 3026 obveniat
1199 2978 1270 3023 ex
1313 2959 1618 3042 gratia,
1666 2963 1731 3024 et
1772 2976 1898 3023 non
1922 2977 1993 3022 61
2016 2958 2271 3035 merit03
2315 2959 2608 3041 primum,

215 3053 274 3116 ut
329 3061 654 3139 promissio
724 3061 839 3125 Dei
904 3061 988 3124 611
1051 3059 1241 3124 firm
1262 3078 1314 3124 a.
1405 3058 1471 3124 Si
1532 3059 1663 3124 scil.
1734 3060 1903 3124 Deus
1982 3058 2409 3142 impletionem
2474 3075 2615 3141 pro-

215 3155 512 3227 missionis
557 3181 629 3227 ex
670 3162 742 3226 16
756 3180 852 3245 86
895 3162 1267 3244 pendentem
1311 3160 1655 3238 statuisset,
1703 3178 1770 3224 se
1801 3159 2009 3242 ipsum
2054 3159 2613 3238 coercuisset,

217 3271 386 3335 quum
429 3282 574 3329 eam
616 3263 721 3329 iis
769 3264 974 3328 solum
1018 3263 1163 3328 dare
1223 3261 1550 3345 potuisset,
1619 3261 1727 3344 qui
1790 3261 2061 3342 legem
2120 3258 2610 3338 observant,

219 3353 250 3418 i.
292 3377 337 3423 e.
381 3365 625 3444 nulli,
693 3383 886 3447 quum
951 3383 1133 3429 nemo
1193 3364 1397 3446 legem
1445 3362 1716 3445 perfecte
1779 3360 2053 3443 impleat.
2147 3359 2355 3439 Quum
2399 3363 2613 3426 autem

220 3453 364 3526 Deus
412 3485 554 3532 eam
598 3485 671 3530 61
713 3465 987 3549 gratia
1050 3465 1426 3549 pendentem
1486 3463 1793 3543 statuerit,
1860 3461 2063 3545 gratia
2121 3479 2263 3526 vero
2309 3479 2449 3542 non,
2518 3462 2613 3528 uti

219 3555 404 3628 divina
437 3567 713 3650 justitia,
754 3585 865 3650 per
905 3569 1233 3650 peccatum
1277 3568 1752 3643 coercetur,
1807 3565 1975 3628 Deus
2019 3563 2132 3628 tali
2178 3562 2362 3628 modo
2408 3563 2611 3646 possi-

221 3655 506 3732 bilitatem
528 3667 594 3731 in
635 3669 771 3732 tuto
817 3667 1159 3745 collocavit,
1205 3666 1268 3731 in
1313 3665 1721 3748 promissione
1765 3665 1912 3729 data
1951 3662 2143 3729 fidem
2187 3664 2488 3729 servandi.
2532 3701 2618 3710 —

223 3757 491 3833 Altera
533 3769 690 3833 ratio
736 3770 850 3848 est,
895 3773 968 3833 ut
1011 3766 1435 3852 promissionis
1478 3784 1602 3832 non
1648 3767 1854 3831 solum
1899 3763 2229 3848 Judaei,
2276 3766 2384 3830 sed
2424 3765 2616 3830 etiam

221 3868 559 3940 gentiles
602 3869 929 3953 participes
971 3869 1144 3948 fiant,
1191 3869 1342 3933 dum
1385 3867 1569 3931 dicit:
1615 3866 1851 3946 „Omni
1885 3866 2120 3944 semini,
2163 3887 2286 3930 non
2323 3867 2381 3928 ci
2401 3864 2616 3943 colum,

223 3965 364 4042 quod
405 3991 479 4033 ex
513 3969 637 4055 lcqe
667 3979 770 4049 cst,
814 3970 920 4034 scol
941 3970 1124 4034 etiam
1145 3970 1221 4048 ei,
1266 3967 1429 4053 quod
1451 3989 1526 4032 coe
1553 3966 1685 4050 fide
1704 3966 2092 4032 Abrahami“
2111 3989 2136 4048 ,·
2177 3965 2215 4030 i.
2244 3987 2293 4030 e.
2322 3965 2615 4030 omnibus

225 4058 575 4148 hominibus,
621 4090 744 4136 non
785 4073 1034 4137 tantum
1079 4070 1356 4148 Judaeis‚
1404 4070 1510 4152 qui
1553 4070 1763 4152 legem
1808 4071 2197 4150 acceperunt,
2266 4066 2377 4132 sed
2420 4065 2611 4129 etiam

226 4167 561 4251 gentilibus,
607 4173 714 4255 qui
757 4172 1118 4237 Abrahamo
1162 4171 1283 4234 fide
1328 4169 1564 4234 similes
1587 4173 1750 4235 sunt.
1796 4206 1883 4216 —
1925 4169 1994 4235 Si
2014 4168 2311 4233 nimirum
2335 4165 2617 4249 impletio

225 4270 626 4342 promissionis
685 4273 982 4356 penderet
1047 4291 1118 4335 61
1181 4272 1362 4354 1686
1383 4320 1398 4348 ,
1468 4272 1674 4336 solum
1740 4270 1785 4336 J
1788 4269 1968 4335 udaei
2034 4287 2175 4332 eam
2240 4267 2615 4350 participare

229 4366 588 4452 potuissent3
632 4372 804 4456 atqui
825 4373 994 4438 illius
1019 4390 1252 4451 6111666,
1287 4371 1393 4454 qui
1412 4370 1600 4436 fidem
1624 4369 1971 4436 Abrahami
1992 4368 2335 4448 imitantur,
2362 4370 2625 4451 possunt

228 4470 535 4557 participes
576 4473 730 4554 fieri,
797 4474 942 4539 hinc
987 4475 1050 4537 et
1109 4472 1384 4556 gentil
1407 4490 1520 4549 es;
1587 4489 1737 4536 nam
1800 4485 2018 4535 6111666
2085 4468 2419 4635 61611661566ι
2475 4471 2623 4535 6661
