<?xml version="1.0" encoding="UTF-8"?>
<!DOCTYPE html PUBLIC "-//W3C//DTD XHTML 1.0 Transitional//EN"
    "http://www.w3.org/TR/xhtml1/DTD/xhtml1-transitional.dtd">
<html xmlns="http://www.w3.org/1999/xhtml" xml:lang="en" lang="en">
 <head>
  <title>
</title>
<meta http-equiv="Content-Type" content="text/html;charset=utf-8" />
  <meta name='ocr-system' content='tesseract 3.04.00' />
  <meta name='ocr-capabilities' content='ocr_page ocr_carea ocr_par ocr_line ocrx_word'/>
</head>
<body>
  <div class='ocr_page' id='page_1' title='image "./commentariusine00klofgoog_0191.png"; bbox 0 0 3234 4992; ppageno 0'>
   <div class='ocr_carea' id='block_1_1' title="bbox 1223 231 2651 299">
    <p class='ocr_par' dir='ltr' id='par_1_1' title="bbox 1223 231 2651 299">
     <span class='ocr_line' id='line_1_1' title="bbox 1223 231 2651 299; baseline 0.001 -25"><span class='ocrx_word' id='word_1_1' title='bbox 1223 231 1334 286; x_wconf 57' lang='lat' dir='ltr'>esp.</span> <span class='ocrx_word' id='word_1_2' title='bbox 1360 232 1440 275; x_wconf 89' lang='lat' dir='ltr'>x1.</span> <span class='ocrx_word' id='word_1_3' title='bbox 1465 245 1510 275; x_wconf 82' lang='lat' dir='ltr'>v.</span> <span class='ocrx_word' id='word_1_4' title='bbox 1533 232 1653 276; x_wconf 77' lang='lat' dir='ltr'>s-e.</span> <span class='ocrx_word' id='word_1_5' title='bbox 2532 234 2651 299; x_wconf 78' lang='lat'>187</span> 
     </span>
    </p>
   </div>
   <div class='ocr_carea' id='block_1_2' title="bbox 234 417 2652 4561">
    <p class='ocr_par' dir='ltr' id='par_1_2' title="bbox 235 417 2652 1297">
     <span class='ocr_line' id='line_1_2' title="bbox 235 417 2648 503; baseline 0.001 -21"><span class='ocrx_word' id='word_1_6' title='bbox 235 417 534 483; x_wconf 88' lang='lat' dir='ltr'>ficationis</span> <span class='ocrx_word' id='word_1_7' title='bbox 577 419 852 503; x_wconf 76' lang='lat' dir='ltr'><strong>gratiam</strong></span> <span class='ocrx_word' id='word_1_8' title='bbox 898 438 1007 503; x_wconf 89' lang='lat' dir='ltr'>per</span> <span class='ocrx_word' id='word_1_9' title='bbox 1068 419 1255 485; x_wconf 88' lang='lat' dir='ltr'>fidem</span> <span class='ocrx_word' id='word_1_10' title='bbox 1302 421 1365 485; x_wconf 93' lang='lat' dir='ltr'>in</span> <span class='ocrx_word' id='word_1_11' title='bbox 1413 419 1729 486; x_wconf 77' lang='lat' dir='ltr'><strong>Christum</strong></span> <span class='ocrx_word' id='word_1_12' title='bbox 1789 420 2070 503; x_wconf 89' lang='lat' dir='ltr'>accipere</span> <span class='ocrx_word' id='word_1_13' title='bbox 2127 425 2508 497; x_wconf 81' lang='lat' dir='ltr'>recusarunt,</span> <span class='ocrx_word' id='word_1_14' title='bbox 2556 421 2648 485; x_wconf 85' lang='lat' dir='ltr'>in-</span> 
     </span>
     <span class='ocr_line' id='line_1_3' title="bbox 235 520 2648 606; baseline 0.001 -23"><span class='ocrx_word' id='word_1_15' title='bbox 235 520 486 585; x_wconf 89' lang='lat' dir='ltr'>tellectu</span> <span class='ocrx_word' id='word_1_16' title='bbox 533 524 599 585; x_wconf 88' lang='lat' dir='ltr'>et</span> <span class='ocrx_word' id='word_1_17' title='bbox 644 521 962 586; x_wconf 87' lang='lat' dir='ltr'>voluntate</span> <span class='ocrx_word' id='word_1_18' title='bbox 1007 522 1201 605; x_wconf 83' lang='lat' dir='ltr'>inepti</span> <span class='ocrx_word' id='word_1_19' title='bbox 1245 522 1472 587; x_wconf 75' lang='lat' dir='ltr'>redditi</span> <span class='ocrx_word' id='word_1_20' title='bbox 1537 524 1686 587; x_wconf 91' lang='lat' dir='ltr'>sunt</span> <span class='ocrx_word' id='word_1_21' title='bbox 1728 522 1795 606; x_wconf 89' lang='lat' dir='ltr'>(a</span> <span class='ocrx_word' id='word_1_22' title='bbox 1843 521 1993 606; x_wconf 90' lang='lat' dir='ltr'>Deo)</span> <span class='ocrx_word' id='word_1_23' title='bbox 2056 521 2133 586; x_wconf 88' lang='lat' dir='ltr'>ad</span> <span class='ocrx_word' id='word_1_24' title='bbox 2194 521 2648 601; x_wconf 76' lang='lat' dir='ltr'>suscipiendam</span> 
     </span>
     <span class='ocr_line' id='line_1_4' title="bbox 236 620 2652 707; baseline 0 -23"><span class='ocrx_word' id='word_1_25' title='bbox 236 620 494 685; x_wconf 90' lang='lat' dir='ltr'>salutem</span> <span class='ocrx_word' id='word_1_26' title='bbox 541 622 606 686; x_wconf 93' lang='lat' dir='ltr'>in</span> <span class='ocrx_word' id='word_1_27' title='bbox 656 621 922 702; x_wconf 85' lang='lat' dir='ltr'>Christe,</span> <span class='ocrx_word' id='word_1_28' title='bbox 970 642 1060 701; x_wconf 93' lang='lat' dir='ltr'>eo,</span> <span class='ocrx_word' id='word_1_29' title='bbox 1124 624 1245 705; x_wconf 91' lang='lat' dir='ltr'>(uti</span> <span class='ocrx_word' id='word_1_30' title='bbox 1302 624 1367 687; x_wconf 90' lang='lat' dir='ltr'>in</span> <span class='ocrx_word' id='word_1_31' title='bbox 1428 625 1825 707; x_wconf 89' lang='lat' dir='ltr'>sequentibus</span> <span class='ocrx_word' id='word_1_32' title='bbox 1889 624 2086 707; x_wconf 89' lang='lat' dir='ltr'>dicit),</span> <span class='ocrx_word' id='word_1_33' title='bbox 2146 623 2309 705; x_wconf 89' lang='lat' dir='ltr'>quod</span> <span class='ocrx_word' id='word_1_34' title='bbox 2356 625 2520 685; x_wconf 72' lang='lat' dir='ltr'>Deus</span> <span class='ocrx_word' id='word_1_35' title='bbox 2568 625 2652 685; x_wconf 72' lang='lat' dir='ltr'>nis</span> 
     </span>
     <span class='ocr_line' id='line_1_5' title="bbox 235 723 2652 806; baseline -0.001 -20"><span class='ocrx_word' id='word_1_36' title='bbox 235 723 490 806; x_wconf 80' lang='lat' dir='ltr'>gratiam</span> <span class='ocrx_word' id='word_1_37' title='bbox 557 742 740 788; x_wconf 92' lang='lat' dir='ltr'>suam</span> <span class='ocrx_word' id='word_1_38' title='bbox 803 726 1190 789; x_wconf 77' lang='lat' dir='ltr'>subtraxerit.</span> <span class='ocrx_word' id='word_1_39' title='bbox 1261 763 1323 771; x_wconf 94' lang='lat'><strong>—</strong></span> <span class='ocrx_word' id='word_1_40' title='bbox 1395 726 1575 789; x_wconf 91' lang='lat' dir='ltr'>Nunc</span> <span class='ocrx_word' id='word_1_41' title='bbox 1638 744 1817 790; x_wconf 86' lang='lat' dir='ltr'>versu</span> <span class='ocrx_word' id='word_1_42' title='bbox 1876 726 1932 790; x_wconf 85' lang='grc'><strong>8.</strong></span> <span class='ocrx_word' id='word_1_43' title='bbox 1995 725 2057 789; x_wconf 92' lang='lat' dir='ltr'>et</span> <span class='ocrx_word' id='word_1_44' title='bbox 2097 725 2155 789; x_wconf 88' lang='lat'>9.</span> <span class='ocrx_word' id='word_1_45' title='bbox 2205 723 2444 789; x_wconf 79' lang='lat' dir='ltr'>duobus</span> <span class='ocrx_word' id='word_1_46' title='bbox 2500 725 2652 785; x_wconf 64' lang='lat' dir='ltr'>lucia</span> 
     </span>
     <span class='ocr_line' id='line_1_6' title="bbox 237 823 2652 911; baseline 0 -26"><span class='ocrx_word' id='word_1_47' title='bbox 237 842 281 887; x_wconf 89' lang='lat' dir='ltr'>S.</span> <span class='ocrx_word' id='word_1_48' title='bbox 327 823 671 906; x_wconf 81' lang='lat' dir='ltr'>scripturae</span> <span class='ocrx_word' id='word_1_49' title='bbox 715 826 1041 908; x_wconf 88' lang='lat' dir='ltr'>probat,</span> <span class='ocrx_word' id='word_1_50' title='bbox 1083 826 1213 909; x_wconf 91' lang='lat' dir='ltr'>jam</span> <span class='ocrx_word' id='word_1_51' title='bbox 1241 828 1388 891; x_wconf 92' lang='lat' dir='ltr'>olim</span> <span class='ocrx_word' id='word_1_52' title='bbox 1414 828 1795 911; x_wconf 78' lang='lat' dir='ltr'>praedictam</span> <span class='ocrx_word' id='word_1_53' title='bbox 1840 827 2031 892; x_wconf 84' lang='lat' dir='ltr'>fuisse</span> <span class='ocrx_word' id='word_1_54' title='bbox 2076 826 2326 890; x_wconf 90' lang='lat' dir='ltr'>illorum</span> <span class='ocrx_word' id='word_1_55' title='bbox 2372 825 2652 889; x_wconf 70' lang='lat' dir='ltr'>obcae—</span> 
     </span>
     <span class='ocr_line' id='line_1_7' title="bbox 237 925 2652 1022; baseline 0 -34"><span class='ocrx_word' id='word_1_56' title='bbox 237 925 660 990; x_wconf 90' lang='lat' dir='ltr'>cationem.</span> <span class='ocrx_word' id='word_1_57' title='bbox 751 927 1132 1022; x_wconf 66' lang='lat' dir='ltr'>Vaticinium</span> <span class='ocrx_word' id='word_1_58' title='bbox 1198 930 1398 1011; x_wconf 90' lang='lat' dir='ltr'>primo</span> <span class='ocrx_word' id='word_1_59' title='bbox 1458 929 1594 993; x_wconf 92' lang='lat' dir='ltr'>loco</span> <span class='ocrx_word' id='word_1_60' title='bbox 1658 930 1736 1012; x_wconf 90' lang='lat' dir='ltr'>(v.</span> <span class='ocrx_word' id='word_1_61' title='bbox 1803 929 1892 1011; x_wconf 88' lang='grc'>8.)</span> <span class='ocrx_word' id='word_1_62' title='bbox 1951 928 2327 1005; x_wconf 89' lang='lat' dir='ltr'>adductum,</span> <span class='ocrx_word' id='word_1_63' title='bbox 2400 945 2652 1009; x_wconf 74' lang='lat' dir='ltr'>compu-</span> 
     </span>
     <span class='ocr_line' id='line_1_8' title="bbox 238 1026 2652 1114; baseline 0.002 -26"><span class='ocrx_word' id='word_1_64' title='bbox 238 1026 422 1090; x_wconf 85' lang='lat' dir='ltr'>situm</span> <span class='ocrx_word' id='word_1_65' title='bbox 467 1032 566 1091; x_wconf 88' lang='lat' dir='ltr'>est</span> <span class='ocrx_word' id='word_1_66' title='bbox 611 1048 684 1092; x_wconf 84' lang='lat' dir='ltr'>ex</span> <span class='ocrx_word' id='word_1_67' title='bbox 728 1029 972 1094; x_wconf 90' lang='lat' dir='ltr'>duobus</span> <span class='ocrx_word' id='word_1_68' title='bbox 1018 1031 1352 1114; x_wconf 90' lang='lat' dir='ltr'>scripturae</span> <span class='ocrx_word' id='word_1_69' title='bbox 1412 1032 1582 1110; x_wconf 78' lang='lat' dir='ltr'>lociS,</span> <span class='ocrx_word' id='word_1_70' title='bbox 1648 1032 1779 1095; x_wconf 91' lang='lat' dir='ltr'>scil.</span> <span class='ocrx_word' id='word_1_71' title='bbox 1827 1031 1870 1096; x_wconf 83' lang='lat' dir='ltr'>J</span> <span class='ocrx_word' id='word_1_72' title='bbox 1890 1030 2165 1095; x_wconf 90' lang='lat' dir='ltr'>esaiae</span> <span class='ocrx_word' id='word_1_73' title='bbox 2222 1029 2348 1111; x_wconf 74' lang='lat'>(29,</span> <span class='ocrx_word' id='word_1_74' title='bbox 2404 1029 2524 1113; x_wconf 66' lang='lat' dir='ltr'>lo.)</span> <span class='ocrx_word' id='word_1_75' title='bbox 2592 1033 2652 1093; x_wconf 77' lang='lat' dir='ltr'>et</span> 
     </span>
     <span class='ocr_line' id='line_1_9' title="bbox 235 1128 2648 1216; baseline 0.001 -26"><span class='ocrx_word' id='word_1_76' title='bbox 235 1128 861 1195; x_wconf 89' lang='lat' dir='ltr'>Deuteronomii</span> <span class='ocrx_word' id='word_1_77' title='bbox 905 1132 1032 1213; x_wconf 82' lang='lat'>(29,</span> <span class='ocrx_word' id='word_1_78' title='bbox 1077 1132 1205 1214; x_wconf 88' lang='lat'>4.);</span> <span class='ocrx_word' id='word_1_79' title='bbox 1252 1134 1358 1196; x_wconf 83' lang='lat' dir='ltr'>sed</span> <span class='ocrx_word' id='word_1_80' title='bbox 1403 1136 1662 1216; x_wconf 89' lang='lat' dir='ltr'>utroque</span> <span class='ocrx_word' id='word_1_81' title='bbox 1708 1135 1841 1198; x_wconf 92' lang='lat' dir='ltr'>loco</span> <span class='ocrx_word' id='word_1_82' title='bbox 1868 1132 2181 1214; x_wconf 89' lang='lat' dir='ltr'>apostolus</span> <span class='ocrx_word' id='word_1_83' title='bbox 2214 1130 2294 1195; x_wconf 89' lang='lat' dir='ltr'>ad</span> <span class='ocrx_word' id='word_1_84' title='bbox 2325 1148 2648 1194; x_wconf 77' lang='lat' dir='ltr'>sensum</span> 
     </span>
     <span class='ocr_line' id='line_1_10' title="bbox 235 1229 944 1297; baseline 0.008 -6"><span class='ocrx_word' id='word_1_85' title='bbox 235 1229 663 1295; x_wconf 89' lang='lat' dir='ltr'>tantummodo</span> <span class='ocrx_word' id='word_1_86' title='bbox 708 1232 944 1297; x_wconf 82' lang='lat' dir='ltr'>recitat.</span> 
     </span>
    </p>

    <p class='ocr_par' dir='ltr' id='par_1_3' title="bbox 234 1331 2652 4156">
     <span class='ocr_line' id='line_1_11' title="bbox 421 1331 2652 1421; baseline -0.001 -26"><span class='ocrx_word' id='word_1_87' title='bbox 421 1331 496 1395; x_wconf 89' lang='lat' dir='ltr'>V.</span> <span class='ocrx_word' id='word_1_88' title='bbox 548 1332 605 1396; x_wconf 89' lang='grc'>8.</span> <span class='ocrx_word' id='word_1_89' title='bbox 656 1331 877 1411; x_wconf 79' lang='lat' dir='ltr'>„Sicut</span> <span class='ocrx_word' id='word_1_90' title='bbox 917 1336 1209 1420; x_wconf 56' lang='lat' dir='ltr'>scr-cptum</span> <span class='ocrx_word' id='word_1_91' title='bbox 1252 1346 1367 1400; x_wconf 77' lang='lat' dir='ltr'>est:</span> <span class='ocrx_word' id='word_1_92' title='bbox 1427 1335 1622 1400; x_wconf 77' lang='lat' dir='ltr'>Dedit</span> <span class='ocrx_word' id='word_1_93' title='bbox 1676 1338 1761 1401; x_wconf 76' lang='lat' dir='ltr'>eie</span> <span class='ocrx_word' id='word_1_94' title='bbox 1804 1337 1975 1400; x_wconf 76' lang='lat' dir='ltr'>Deus</span> <span class='ocrx_word' id='word_1_95' title='bbox 2030 1335 2312 1421; x_wconf 73' lang='lat' dir='ltr'>spiritum</span> <span class='ocrx_word' id='word_1_96' title='bbox 2356 1333 2652 1417; x_wconf 55' lang='lat' dir='ltr'>snper-taff</span> 
     </span>
     <span class='ocr_line' id='line_1_12' title="bbox 236 1428 2644 1521; baseline 0.002 -28"><span class='ocrx_word' id='word_1_97' title='bbox 236 1428 430 1495; x_wconf 89' lang='lat' dir='ltr'>Verba</span> <span class='ocrx_word' id='word_1_98' title='bbox 479 1433 636 1496; x_wconf 88' lang='lat' dir='ltr'>haec</span> <span class='ocrx_word' id='word_1_99' title='bbox 685 1434 1017 1517; x_wconf 88' lang='lat' dir='ltr'>desumpta</span> <span class='ocrx_word' id='word_1_100' title='bbox 1062 1441 1208 1502; x_wconf 91' lang='lat' dir='ltr'>sunt</span> <span class='ocrx_word' id='word_1_101' title='bbox 1248 1457 1318 1501; x_wconf 86' lang='lat' dir='ltr'>ex</span> <span class='ocrx_word' id='word_1_102' title='bbox 1362 1438 1398 1503; x_wconf 78' lang='lat' dir='ltr'>J</span> <span class='ocrx_word' id='word_1_103' title='bbox 1425 1440 1699 1503; x_wconf 86' lang='lat' dir='ltr'>esaiae</span> <span class='ocrx_word' id='word_1_104' title='bbox 1744 1439 2013 1504; x_wconf 88' lang='lat' dir='ltr'>oratione</span> <span class='ocrx_word' id='word_1_105' title='bbox 2059 1436 2283 1502; x_wconf 89' lang='lat' dir='ltr'>acerba</span> <span class='ocrx_word' id='word_1_106' title='bbox 2328 1437 2452 1521; x_wconf 71' lang='lat'>(29,</span> <span class='ocrx_word' id='word_1_107' title='bbox 2504 1433 2644 1513; x_wconf 58' lang='grc' dir='ltr'><strong>ΠΙ).</strong></span> 
     </span>
     <span class='ocr_line' id='line_1_13' title="bbox 240 1532 2648 1625; baseline 0.002 -31"><span class='ocrx_word' id='word_1_108' title='bbox 240 1567 306 1577; x_wconf 74' lang='lat'><em>-</em></span> <span class='ocrx_word' id='word_1_109' title='bbox 366 1532 681 1608; x_wconf 74' lang='grc' dir='ltr'><strong><em>κατοίνυξις</em></strong></span> <span class='ocrx_word' id='word_1_110' title='bbox 744 1537 809 1619; x_wconf 91' lang='lat' dir='ltr'>(a</span> <span class='ocrx_word' id='word_1_111' title='bbox 886 1537 1230 1601; x_wconf 74' lang='grc' dir='ltr'><strong><em>κατανύσσω</em></strong></span> <span class='ocrx_word' id='word_1_112' title='bbox 1309 1543 1686 1625; x_wconf 86' lang='lat' dir='ltr'>compungo)</span> <span class='ocrx_word' id='word_1_113' title='bbox 1762 1546 1856 1605; x_wconf 91' lang='lat' dir='ltr'>est</span> <span class='ocrx_word' id='word_1_114' title='bbox 1922 1541 2448 1624; x_wconf 76' lang='lat' dir='ltr'>compunctio</span> <span class='ocrx_word' id='word_1_115' title='bbox 2516 1537 2648 1619; x_wconf 78' lang='lat' dir='ltr'>(das</span> 
     </span>
     <span class='ocr_line' id='line_1_14' title="bbox 237 1631 2644 1721; baseline 0.002 -26"><span class='ocrx_word' id='word_1_116' title='bbox 237 1631 832 1721; x_wconf 87' lang='lat' dir='ltr'>Zerstechen);dein</span> <span class='ocrx_word' id='word_1_117' title='bbox 858 1640 1088 1704; x_wconf 91' lang='lat' dir='ltr'>dolor</span> <span class='ocrx_word' id='word_1_118' title='bbox 1126 1643 1597 1720; x_wconf 80' lang='lat' dir='ltr'>vehemenS,</span> <span class='ocrx_word' id='word_1_119' title='bbox 1644 1643 2024 1707; x_wconf 84' lang='lat' dir='ltr'>tristitia</span> <span class='ocrx_word' id='word_1_120' title='bbox 2068 1660 2392 1706; x_wconf 79' lang='lat' dir='ltr'>summa.</span> <span class='ocrx_word' id='word_1_121' title='bbox 2444 1637 2644 1717; x_wconf 68' lang='lat' dir='ltr'>Quum</span> 
     </span>
     <span class='ocr_line' id='line_1_15' title="bbox 241 1735 2648 1827; baseline 0.002 -31"><span class='ocrx_word' id='word_1_122' title='bbox 241 1735 488 1801; x_wconf 85' lang='lat' dir='ltr'>tristitia</span> <span class='ocrx_word' id='word_1_123' title='bbox 546 1759 801 1804; x_wconf 88' lang='lat' dir='ltr'>summa</span> <span class='ocrx_word' id='word_1_124' title='bbox 863 1743 1139 1807; x_wconf 88' lang='lat' dir='ltr'>animum</span> <span class='ocrx_word' id='word_1_125' title='bbox 1204 1744 1462 1809; x_wconf 91' lang='lat' dir='ltr'>inertem</span> <span class='ocrx_word' id='word_1_126' title='bbox 1518 1745 1723 1823; x_wconf 87' lang='lat' dir='ltr'>faciat,</span> <span class='ocrx_word' id='word_1_127' title='bbox 1785 1749 1856 1809; x_wconf 91' lang='lat' dir='ltr'>ut</span> <span class='ocrx_word' id='word_1_128' title='bbox 1914 1743 2180 1827; x_wconf 87' lang='lat' dir='ltr'>stupeat,</span> <span class='ocrx_word' id='word_1_129' title='bbox 2244 1741 2648 1825; x_wconf 75' lang='lat' dir='ltr'>Septuaginta</span> 
     </span>
     <span class='ocr_line' id='line_1_16' title="bbox 237 1834 2644 1927; baseline 0.002 -30"><span class='ocrx_word' id='word_1_130' title='bbox 237 1834 590 1920; x_wconf 89' lang='lat' dir='ltr'>interpretes</span> <span class='ocrx_word' id='word_1_131' title='bbox 673 1861 816 1906; x_wconf 90' lang='lat' dir='ltr'>voce</span> <span class='ocrx_word' id='word_1_132' title='bbox 898 1842 1208 1917; x_wconf 75' lang='grc' dir='ltr'><strong><em>κατάνυξις</em></strong></span> <span class='ocrx_word' id='word_1_133' title='bbox 1280 1849 1541 1910; x_wconf 90' lang='lat' dir='ltr'>utuntur</span> <span class='ocrx_word' id='word_1_134' title='bbox 1622 1846 1810 1909; x_wconf 90' lang='lat' dir='ltr'>etiam</span> <span class='ocrx_word' id='word_1_135' title='bbox 1880 1844 2267 1927; x_wconf 82' lang='lat' dir='ltr'>significatu:</span> <span class='ocrx_word' id='word_1_136' title='bbox 2334 1845 2464 1905; x_wconf 69' lang='lat' dir='ltr'>utu</span> <span class='ocrx_word' id='word_1_137' title='bbox 2488 1857 2576 1925; x_wconf 78' lang='lat' dir='ltr'>pu</span> <span class='ocrx_word' id='word_1_138' title='bbox 2600 1861 2644 1917; x_wconf 74' lang='grc' dir='ltr'>Γ,</span> 
     </span>
     <span class='ocr_line' id='line_1_17' title="bbox 242 1941 2644 2030; baseline 0.001 -29"><span class='ocrx_word' id='word_1_139' title='bbox 242 1954 467 2020; x_wconf 86' lang='lat' dir='ltr'>sopor</span> <span class='ocrx_word' id='word_1_140' title='bbox 511 1942 964 2028; x_wconf 70' lang='lat' dir='ltr'>(Betaubung),</span> <span class='ocrx_word' id='word_1_141' title='bbox 1027 1947 1127 2010; x_wconf 92' lang='lat' dir='ltr'>cui</span> <span class='ocrx_word' id='word_1_142' title='bbox 1172 1946 1552 2030; x_wconf 89' lang='lat' dir='ltr'>significatui</span> <span class='ocrx_word' id='word_1_143' title='bbox 1597 1949 1789 2011; x_wconf 91' lang='lat' dir='ltr'>etiam</span> <span class='ocrx_word' id='word_1_144' title='bbox 1833 1949 2038 2010; x_wconf 85' lang='lat' dir='ltr'>textus</span> <span class='ocrx_word' id='word_1_145' title='bbox 2096 1945 2396 2008; x_wconf 73' lang='lat' dir='ltr'>hebraeus</span> <span class='ocrx_word' id='word_1_146' title='bbox 2460 1941 2644 2017; x_wconf 61' lang='lat' dir='ltr'>favet,</span> 
     </span>
     <span class='ocr_line' id='line_1_18' title="bbox 241 2041 2644 2128; baseline 0.001 -27"><span class='ocrx_word' id='word_1_147' title='bbox 241 2055 416 2118; x_wconf 90' lang='lat' dir='ltr'>quum</span> <span class='ocrx_word' id='word_1_148' title='bbox 483 2060 596 2108; x_wconf 85' lang='lat' dir='ltr'>vox</span> <span class='ocrx_word' id='word_1_149' title='bbox 669 2044 995 2111; x_wconf 88' lang='lat' dir='ltr'>hebraica:</span> <span class='ocrx_word' id='word_1_150' title='bbox 1071 2049 1498 2113; x_wconf 82' lang='lat' dir='ltr'>thardema</span> <span class='ocrx_word' id='word_1_151' title='bbox 1577 2048 1829 2111; x_wconf 87' lang='lat' dir='ltr'>denotet</span> <span class='ocrx_word' id='word_1_152' title='bbox 1907 2063 2298 2128; x_wconf 90' lang='lat' dir='ltr'>soporem.</span> <span class='ocrx_word' id='word_1_153' title='bbox 2392 2045 2468 2105; x_wconf 81' lang='lat' dir='ltr'>Et</span> <span class='ocrx_word' id='word_1_154' title='bbox 2532 2041 2644 2105; x_wconf 75' lang='lat' dir='ltr'>hnc</span> 
     </span>
     <span class='ocr_line' id='line_1_19' title="bbox 238 2142 2640 2231; baseline 0.002 -32"><span class='ocrx_word' id='word_1_155' title='bbox 238 2156 406 2205; x_wconf 89' lang='lat' dir='ltr'>sensu</span> <span class='ocrx_word' id='word_1_156' title='bbox 470 2161 586 2208; x_wconf 85' lang='lat' dir='ltr'>vox</span> <span class='ocrx_word' id='word_1_157' title='bbox 653 2142 965 2219; x_wconf 75' lang='grc' dir='ltr'><strong><em>κατάνυξις</em></strong></span> <span class='ocrx_word' id='word_1_158' title='bbox 1029 2149 1217 2213; x_wconf 89' lang='lat' dir='ltr'>etiam</span> <span class='ocrx_word' id='word_1_159' title='bbox 1298 2149 1363 2213; x_wconf 91' lang='lat' dir='ltr'>in</span> <span class='ocrx_word' id='word_1_160' title='bbox 1443 2148 1755 2231; x_wconf 86' lang='lat' dir='ltr'>praesenti</span> <span class='ocrx_word' id='word_1_161' title='bbox 1817 2148 1950 2211; x_wconf 87' lang='lat' dir='ltr'>loco</span> <span class='ocrx_word' id='word_1_162' title='bbox 2016 2145 2317 2210; x_wconf 89' lang='lat' dir='ltr'>sumenda</span> <span class='ocrx_word' id='word_1_163' title='bbox 2384 2149 2492 2205; x_wconf 69' lang='lat' dir='ltr'>est.</span> <span class='ocrx_word' id='word_1_164' title='bbox 2572 2177 2640 2185; x_wconf 38' lang='lat' dir='ltr'>-u</span> 
     </span>
     <span class='ocr_line' id='line_1_20' title="bbox 238 2238 2644 2333; baseline 0.001 -31"><span class='ocrx_word' id='word_1_165' title='bbox 238 2238 510 2322; x_wconf 70' lang='lat' dir='ltr'>„Ocu208,</span> <span class='ocrx_word' id='word_1_166' title='bbox 551 2256 623 2308; x_wconf 81' lang='lat' dir='ltr'>ut</span> <span class='ocrx_word' id='word_1_167' title='bbox 665 2268 786 2310; x_wconf 78' lang='lat' dir='ltr'>non</span> <span class='ocrx_word' id='word_1_168' title='bbox 827 2249 1097 2329; x_wconf 77' lang='lat' dir='ltr'>videant,</span> <span class='ocrx_word' id='word_1_169' title='bbox 1142 2259 1198 2313; x_wconf 77' lang='lat' dir='ltr'>et</span> <span class='ocrx_word' id='word_1_170' title='bbox 1240 2272 1441 2328; x_wconf 76' lang='lat' dir='ltr'>auree,</span> <span class='ocrx_word' id='word_1_171' title='bbox 1482 2258 1551 2312; x_wconf 79' lang='lat' dir='ltr'>ut</span> <span class='ocrx_word' id='word_1_172' title='bbox 1591 2271 1714 2312; x_wconf 81' lang='lat' dir='ltr'>non</span> <span class='ocrx_word' id='word_1_173' title='bbox 1758 2248 2022 2311; x_wconf 77' lang='lat' dir='ltr'>audiant</span> <span class='ocrx_word' id='word_1_174' title='bbox 2078 2268 2263 2333; x_wconf 77' lang='lat' dir='ltr'>usque</span> <span class='ocrx_word' id='word_1_175' title='bbox 2303 2246 2368 2308; x_wconf 70' lang='lat' dir='ltr'>in</span> <span class='ocrx_word' id='word_1_176' title='bbox 2412 2245 2644 2305; x_wconf 63' lang='lat' dir='ltr'>liud-ier-</span> 
     </span>
     <span class='ocr_line' id='line_1_21' title="bbox 236 2345 2644 2434; baseline 0.003 -33"><span class='ocrx_word' id='word_1_177' title='bbox 236 2361 367 2404; x_wconf 80' lang='lat' dir='ltr'>num</span> <span class='ocrx_word' id='word_1_178' title='bbox 422 2345 648 2411; x_wconf 79' lang='lat' dir='ltr'>diem.“</span> <span class='ocrx_word' id='word_1_179' title='bbox 703 2385 786 2396; x_wconf 94' lang='grc'>--</span> <span class='ocrx_word' id='word_1_180' title='bbox 844 2349 1054 2416; x_wconf 89' lang='lat' dir='ltr'>Verba</span> <span class='ocrx_word' id='word_1_181' title='bbox 1111 2352 1264 2417; x_wconf 91' lang='lat' dir='ltr'>haec</span> <span class='ocrx_word' id='word_1_182' title='bbox 1325 2353 1656 2434; x_wconf 90' lang='lat' dir='ltr'>desumpta</span> <span class='ocrx_word' id='word_1_183' title='bbox 1720 2352 1866 2414; x_wconf 83' lang='lat' dir='ltr'>sunt</span> <span class='ocrx_word' id='word_1_184' title='bbox 1925 2370 1994 2414; x_wconf 85' lang='lat' dir='ltr'>ex</span> <span class='ocrx_word' id='word_1_185' title='bbox 2049 2365 2326 2413; x_wconf 89' lang='lat' dir='ltr'>sermone</span> <span class='ocrx_word' id='word_1_186' title='bbox 2372 2345 2644 2409; x_wconf 66' lang='lat' dir='ltr'>valedic-</span> 
     </span>
     <span class='ocr_line' id='line_1_22' title="bbox 239 2443 2644 2533; baseline 0.002 -30"><span class='ocrx_word' id='word_1_187' title='bbox 239 2443 378 2508; x_wconf 86' lang='lat' dir='ltr'>torio</span> <span class='ocrx_word' id='word_1_188' title='bbox 419 2446 715 2527; x_wconf 83' lang='lat' dir='ltr'>Mosis‚</span> <span class='ocrx_word' id='word_1_189' title='bbox 769 2470 953 2533; x_wconf 88' lang='lat' dir='ltr'>quem</span> <span class='ocrx_word' id='word_1_190' title='bbox 999 2453 1076 2517; x_wconf 88' lang='lat' dir='ltr'>ad</span> <span class='ocrx_word' id='word_1_191' title='bbox 1101 2453 1418 2518; x_wconf 78' lang='lat' dir='ltr'>Israelitas</span> <span class='ocrx_word' id='word_1_192' title='bbox 1463 2453 1739 2517; x_wconf 85' lang='lat' dir='ltr'>habebat</span> <span class='ocrx_word' id='word_1_193' title='bbox 1784 2451 1991 2533; x_wconf 90' lang='lat' dir='ltr'>(Deut.</span> <span class='ocrx_word' id='word_1_194' title='bbox 2017 2451 2119 2527; x_wconf 83' lang='lat'>29,</span> <span class='ocrx_word' id='word_1_195' title='bbox 2164 2449 2274 2533; x_wconf 86' lang='lat'>4.).</span> <span class='ocrx_word' id='word_1_196' title='bbox 2337 2445 2484 2513; x_wconf 72' lang='lat' dir='ltr'>Seu</span> <span class='ocrx_word' id='word_1_197' title='bbox 2512 2465 2644 2509; x_wconf 75' lang='lat' dir='ltr'>sus</span> 
     </span>
     <span class='ocr_line' id='line_1_23' title="bbox 239 2549 2644 2637; baseline 0.002 -33"><span class='ocrx_word' id='word_1_198' title='bbox 239 2560 434 2610; x_wconf 87' lang='lat' dir='ltr'>versus</span> <span class='ocrx_word' id='word_1_199' title='bbox 479 2549 538 2615; x_wconf 83' lang='lat'>8.</span> <span class='ocrx_word' id='word_1_200' title='bbox 586 2554 719 2615; x_wconf 86' lang='lat' dir='ltr'>est:</span> <span class='ocrx_word' id='word_1_201' title='bbox 787 2551 959 2619; x_wconf 87' lang='lat' dir='ltr'>Sicut</span> <span class='ocrx_word' id='word_1_202' title='bbox 1007 2558 1333 2637; x_wconf 88' lang='lat' dir='ltr'>soporatus</span> <span class='ocrx_word' id='word_1_203' title='bbox 1380 2555 1610 2636; x_wconf 91' lang='lat' dir='ltr'>(somni</span> <span class='ocrx_word' id='word_1_204' title='bbox 1658 2553 1965 2637; x_wconf 84' lang='lat' dir='ltr'>indigens)</span> <span class='ocrx_word' id='word_1_205' title='bbox 2011 2551 2241 2634; x_wconf 90' lang='lat' dir='ltr'>apertis</span> <span class='ocrx_word' id='word_1_206' title='bbox 2287 2549 2480 2614; x_wconf 79' lang='lat' dir='ltr'>oculis</span> <span class='ocrx_word' id='word_1_207' title='bbox 2524 2565 2644 2609; x_wconf 76' lang='lat' dir='ltr'>nnn</span> 
     </span>
     <span class='ocr_line' id='line_1_24' title="bbox 239 2643 2640 2737; baseline 0.002 -32"><span class='ocrx_word' id='word_1_208' title='bbox 239 2643 393 2709; x_wconf 86' lang='lat' dir='ltr'>videt</span> <span class='ocrx_word' id='word_1_209' title='bbox 435 2653 622 2732; x_wconf 91' lang='lat' dir='ltr'>atque</span> <span class='ocrx_word' id='word_1_210' title='bbox 670 2654 900 2734; x_wconf 89' lang='lat' dir='ltr'>apertis</span> <span class='ocrx_word' id='word_1_211' title='bbox 945 2656 1198 2720; x_wconf 89' lang='lat' dir='ltr'>auribus</span> <span class='ocrx_word' id='word_1_212' title='bbox 1243 2674 1364 2720; x_wconf 91' lang='lat' dir='ltr'>non</span> <span class='ocrx_word' id='word_1_213' title='bbox 1409 2656 1600 2733; x_wconf 90' lang='lat' dir='ltr'>audit,</span> <span class='ocrx_word' id='word_1_214' title='bbox 1646 2656 1735 2719; x_wconf 78' lang='lat' dir='ltr'>ita</span> <span class='ocrx_word' id='word_1_215' title='bbox 1777 2654 2038 2737; x_wconf 84' lang='lat' dir='ltr'>contigit</span> <span class='ocrx_word' id='word_1_216' title='bbox 2068 2652 2324 2718; x_wconf 88' lang='lat' dir='ltr'>Judaeis</span> <span class='ocrx_word' id='word_1_217' title='bbox 2368 2657 2640 2733; x_wconf 73' lang='lat' dir='ltr'>tempure</span> 
     </span>
     <span class='ocr_line' id='line_1_25' title="bbox 243 2741 2640 2836; baseline 0.003 -30"><span class='ocrx_word' id='word_1_218' title='bbox 243 2741 477 2828; x_wconf 81' lang='lat' dir='ltr'>Christi,</span> <span class='ocrx_word' id='word_1_219' title='bbox 540 2754 650 2835; x_wconf 89' lang='lat' dir='ltr'>qui</span> <span class='ocrx_word' id='word_1_220' title='bbox 694 2756 1092 2836; x_wconf 88' lang='lat' dir='ltr'>pertinaciter</span> <span class='ocrx_word' id='word_1_221' title='bbox 1137 2758 1531 2822; x_wconf 79' lang='lat' dir='ltr'>occludentes</span> <span class='ocrx_word' id='word_1_222' title='bbox 1592 2757 1871 2821; x_wconf 89' lang='lat' dir='ltr'>animum</span> <span class='ocrx_word' id='word_1_223' title='bbox 1930 2774 2111 2818; x_wconf 90' lang='lat' dir='ltr'>suum</span> <span class='ocrx_word' id='word_1_224' title='bbox 2174 2752 2436 2825; x_wconf 75' lang='lat' dir='ltr'>veritati,</span> <span class='ocrx_word' id='word_1_225' title='bbox 2480 2753 2640 2813; x_wconf 71' lang='lat' dir='ltr'>clare</span> 
     </span>
     <span class='ocr_line' id='line_1_26' title="bbox 242 2842 2640 2941; baseline 0.001 -32"><span class='ocrx_word' id='word_1_226' title='bbox 242 2842 375 2925; x_wconf 87' lang='lat' dir='ltr'>ipsis</span> <span class='ocrx_word' id='word_1_227' title='bbox 431 2856 803 2937; x_wconf 88' lang='lat' dir='ltr'>propositae,</span> <span class='ocrx_word' id='word_1_228' title='bbox 868 2859 1021 2923; x_wconf 86' lang='lat' dir='ltr'>facti</span> <span class='ocrx_word' id='word_1_229' title='bbox 1082 2861 1226 2921; x_wconf 91' lang='lat' dir='ltr'>sunt</span> <span class='ocrx_word' id='word_1_230' title='bbox 1280 2875 1528 2941; x_wconf 90' lang='lat' dir='ltr'>prorsus</span> <span class='ocrx_word' id='word_1_231' title='bbox 1583 2857 1979 2921; x_wconf 87' lang='lat' dir='ltr'>insensibiles</span> <span class='ocrx_word' id='word_1_232' title='bbox 2039 2854 2302 2936; x_wconf 90' lang='lat' dir='ltr'>(mente)</span> <span class='ocrx_word' id='word_1_233' title='bbox 2364 2861 2424 2913; x_wconf 72' lang='lat' dir='ltr'>nt</span> <span class='ocrx_word' id='word_1_234' title='bbox 2464 2853 2640 2933; x_wconf 71' lang='lat' dir='ltr'>quasi</span> 
     </span>
     <span class='ocr_line' id='line_1_27' title="bbox 243 2944 2640 3038; baseline 0.001 -26"><span class='ocrx_word' id='word_1_235' title='bbox 243 2944 539 3019; x_wconf 87' lang='lat' dir='ltr'>dementes</span> <span class='ocrx_word' id='word_1_236' title='bbox 587 2958 655 3020; x_wconf 87' lang='lat' dir='ltr'>in</span> <span class='ocrx_word' id='word_1_237' title='bbox 697 2959 883 3023; x_wconf 87' lang='lat' dir='ltr'>rebus</span> <span class='ocrx_word' id='word_1_238' title='bbox 929 2960 1075 3024; x_wconf 90' lang='lat' dir='ltr'>fidei</span> <span class='ocrx_word' id='word_1_239' title='bbox 1122 2963 1184 3022; x_wconf 90' lang='lat' dir='ltr'>et</span> <span class='ocrx_word' id='word_1_240' title='bbox 1231 2960 1466 3023; x_wconf 89' lang='lat' dir='ltr'>salutis.</span> <span class='ocrx_word' id='word_1_241' title='bbox 1513 2997 1597 3006; x_wconf 93' lang='lat'>—</span> <span class='ocrx_word' id='word_1_242' title='bbox 1642 2958 1760 3037; x_wconf 78' lang='lat' dir='ltr'>Qui</span> <span class='ocrx_word' id='word_1_243' title='bbox 1808 2960 2014 3021; x_wconf 87' lang='lat' dir='ltr'>autem</span> <span class='ocrx_word' id='word_1_244' title='bbox 2062 2953 2460 3038; x_wconf 74' lang='lat' dir='ltr'>pertinaciter</span> <span class='ocrx_word' id='word_1_245' title='bbox 2484 2953 2640 3013; x_wconf 67' lang='lat' dir='ltr'>reri-</span> 
     </span>
     <span class='ocr_line' id='line_1_28' title="bbox 237 3047 2640 3139; baseline 0.002 -31"><span class='ocrx_word' id='word_1_246' title='bbox 237 3047 339 3111; x_wconf 88' lang='lat' dir='ltr'>tati</span> <span class='ocrx_word' id='word_1_247' title='bbox 381 3061 626 3137; x_wconf 90' lang='lat' dir='ltr'>apertae</span> <span class='ocrx_word' id='word_1_248' title='bbox 652 3060 906 3138; x_wconf 82' lang='lat' dir='ltr'>resistit,</span> <span class='ocrx_word' id='word_1_249' title='bbox 953 3062 1119 3125; x_wconf 89' lang='lat' dir='ltr'>hunc</span> <span class='ocrx_word' id='word_1_250' title='bbox 1159 3061 1415 3125; x_wconf 89' lang='lat' dir='ltr'>tandem</span> <span class='ocrx_word' id='word_1_251' title='bbox 1441 3060 1609 3125; x_wconf 92' lang='lat' dir='ltr'>Deus</span> <span class='ocrx_word' id='word_1_252' title='bbox 1635 3061 1904 3135; x_wconf 88' lang='lat' dir='ltr'>indurat,</span> <span class='ocrx_word' id='word_1_253' title='bbox 1951 3057 2266 3139; x_wconf 84' lang='lat' dir='ltr'>denegans</span> <span class='ocrx_word' id='word_1_254' title='bbox 2293 3056 2344 3119; x_wconf 90' lang='lat' dir='ltr'>ei</span> <span class='ocrx_word' id='word_1_255' title='bbox 2372 3057 2640 3137; x_wconf 74' lang='lat' dir='ltr'>gratiam</span> 
     </span>
     <span class='ocr_line' id='line_1_29' title="bbox 237 3153 2636 3245; baseline 0.002 -36"><span class='ocrx_word' id='word_1_256' title='bbox 237 3164 394 3216; x_wconf 87' lang='lat' dir='ltr'>suam</span> <span class='ocrx_word' id='word_1_257' title='bbox 440 3158 815 3225; x_wconf 90' lang='lat' dir='ltr'>ulteriorem.</span> <span class='ocrx_word' id='word_1_258' title='bbox 863 3162 1249 3226; x_wconf 90' lang='lat' dir='ltr'>—Verbum</span> <span class='ocrx_word' id='word_1_259' title='bbox 1296 3164 1504 3223; x_wconf 69' lang='grc' dir='ltr'><strong><em>ἔδωκεν</em></strong></span> <span class='ocrx_word' id='word_1_260' title='bbox 1551 3161 1771 3245; x_wconf 87' lang='lat' dir='ltr'>(dedit)</span> <span class='ocrx_word' id='word_1_261' title='bbox 1798 3162 1885 3224; x_wconf 85' lang='lat' dir='ltr'>ita</span> <span class='ocrx_word' id='word_1_262' title='bbox 1910 3158 2339 3241; x_wconf 87' lang='lat' dir='ltr'>explicandum</span> <span class='ocrx_word' id='word_1_263' title='bbox 2388 3161 2500 3229; x_wconf 73' lang='lat' dir='ltr'>est,</span> <span class='ocrx_word' id='word_1_264' title='bbox 2548 3153 2636 3217; x_wconf 83' lang='lat' dir='ltr'>uti</span> 
     </span>
     <span class='ocr_line' id='line_1_30' title="bbox 235 3245 2640 3340; baseline -0.004 -14"><span class='ocrx_word' id='word_1_265' title='bbox 235 3245 309 3328; x_wconf 67' lang='lat'>(1,</span> <span class='ocrx_word' id='word_1_266' title='bbox 363 3254 492 3340; x_wconf 82' lang='lat'>24.)</span> <span class='ocrx_word' id='word_1_267' title='bbox 547 3260 765 3325; x_wconf 85' lang='lat' dir='ltr'>verba:</span> <span class='ocrx_word' id='word_1_268' title='bbox 825 3262 1180 3327; x_wconf 88' lang='lat' dir='ltr'>tradidit</span> <span class='ocrx_word' id='word_1_269' title='bbox 1240 3263 1438 3328; x_wconf 87' lang='lat' dir='ltr'>illos</span> <span class='ocrx_word' id='word_1_270' title='bbox 1500 3264 1716 3327; x_wconf 90' lang='lat' dir='ltr'>Deus</span> <span class='ocrx_word' id='word_1_271' title='bbox 1781 3263 1858 3325; x_wconf 90' lang='lat' dir='ltr'>in</span> <span class='ocrx_word' id='word_1_272' title='bbox 1917 3258 2344 3324; x_wconf 88' lang='lat' dir='ltr'>desideria</span> <span class='ocrx_word' id='word_1_273' title='bbox 2400 3257 2640 3321; x_wconf 77' lang='lat' dir='ltr'>corda</span> 
     </span>
     <span class='ocr_line' id='line_1_31' title="bbox 236 3360 2640 3447; baseline 0.002 -34"><span class='ocrx_word' id='word_1_274' title='bbox 236 3365 528 3437; x_wconf 81' lang='lat' dir='ltr'>eorum3</span> <span class='ocrx_word' id='word_1_275' title='bbox 579 3366 687 3425; x_wconf 89' lang='lat' dir='ltr'>aut</span> <span class='ocrx_word' id='word_1_276' title='bbox 732 3363 995 3447; x_wconf 60' lang='lat'>(9,‚18.)</span> <span class='ocrx_word' id='word_1_277' title='bbox 1042 3365 1259 3429; x_wconf 85' lang='lat' dir='ltr'>verba:</span> <span class='ocrx_word' id='word_1_278' title='bbox 1321 3366 1570 3443; x_wconf 88' lang='lat' dir='ltr'>Deus,</span> <span class='ocrx_word' id='word_1_279' title='bbox 1632 3381 1860 3446; x_wconf 89' lang='lat' dir='ltr'>quem</span> <span class='ocrx_word' id='word_1_280' title='bbox 1911 3363 2117 3439; x_wconf 88' lang='lat' dir='ltr'>vult,</span> <span class='ocrx_word' id='word_1_281' title='bbox 2183 3360 2512 3422; x_wconf 78' lang='lat' dir='ltr'>indurat</span> <span class='ocrx_word' id='word_1_282' title='bbox 2556 3393 2640 3401; x_wconf 97' lang='lat'><strong>—</strong></span> 
     </span>
     <span class='ocr_line' id='line_1_32' title="bbox 237 3459 2632 3547; baseline 0.001 -29"><span class='ocrx_word' id='word_1_283' title='bbox 237 3459 626 3532; x_wconf 78' lang='lat' dir='ltr'>exposuimus,</span> <span class='ocrx_word' id='word_1_284' title='bbox 679 3501 754 3511; x_wconf 91' lang='lat'>--</span> <span class='ocrx_word' id='word_1_285' title='bbox 800 3463 1056 3530; x_wconf 87' lang='lat' dir='ltr'>Verbis:</span> <span class='ocrx_word' id='word_1_286' title='bbox 1112 3459 1376 3547; x_wconf 65' lang='lat' dir='ltr'>&#39;usque</span> <span class='ocrx_word' id='word_1_287' title='bbox 1435 3467 1510 3530; x_wconf 90' lang='lat' dir='ltr'>in</span> <span class='ocrx_word' id='word_1_288' title='bbox 1573 3466 2061 3530; x_wconf 90' lang='lat' dir='ltr'>hodiernum</span> <span class='ocrx_word' id='word_1_289' title='bbox 2117 3461 2632 3537; x_wconf 64' lang='lat' dir='ltr'>diem,vu1t5.</span> 
     </span>
     <span class='ocr_line' id='line_1_33' title="bbox 235 3548 2636 3647; baseline 0.003 -34"><span class='ocrx_word' id='word_1_290' title='bbox 235 3548 448 3624; x_wconf 88' lang='lat' dir='ltr'>Paulus</span> <span class='ocrx_word' id='word_1_291' title='bbox 515 3564 897 3647; x_wconf 85' lang='lat' dir='ltr'>significare,</span> <span class='ocrx_word' id='word_1_292' title='bbox 970 3567 1142 3631; x_wconf 90' lang='lat' dir='ltr'>illam</span> <span class='ocrx_word' id='word_1_293' title='bbox 1210 3566 1591 3632; x_wconf 87' lang='lat' dir='ltr'>Judaeorum</span> <span class='ocrx_word' id='word_1_294' title='bbox 1657 3566 2174 3642; x_wconf 89' lang='lat' dir='ltr'>obcaecationem,</span> <span class='ocrx_word' id='word_1_295' title='bbox 2243 3561 2440 3644; x_wconf 74' lang='lat' dir='ltr'>qualis</span> <span class='ocrx_word' id='word_1_296' title='bbox 2504 3561 2636 3641; x_wconf 75' lang='lat' dir='ltr'>jan]</span> 
     </span>
     <span class='ocr_line' id='line_1_34' title="bbox 236 3653 2632 3752; baseline 0.003 -39"><span class='ocrx_word' id='word_1_297' title='bbox 236 3653 492 3740; x_wconf 90' lang='lat' dir='ltr'>tempore</span> <span class='ocrx_word' id='word_1_298' title='bbox 536 3668 784 3747; x_wconf 89' lang='lat' dir='ltr'>patrum</span> <span class='ocrx_word' id='word_1_299' title='bbox 831 3666 1189 3752; x_wconf 87' lang='lat' dir='ltr'>(maj0rum)</span> <span class='ocrx_word' id='word_1_300' title='bbox 1238 3685 1450 3733; x_wconf 90' lang='lat' dir='ltr'>eorum</span> <span class='ocrx_word' id='word_1_301' title='bbox 1496 3673 1647 3742; x_wconf 85' lang='lat' dir='ltr'>erat,</span> <span class='ocrx_word' id='word_1_302' title='bbox 1708 3667 2037 3750; x_wconf 89' lang='lat' dir='ltr'>perdurare</span> <span class='ocrx_word' id='word_1_303' title='bbox 2082 3666 2161 3730; x_wconf 90' lang='lat' dir='ltr'>ad</span> <span class='ocrx_word' id='word_1_304' title='bbox 2205 3664 2408 3746; x_wconf 78' lang='lat' dir='ltr'>ipsum</span> <span class='ocrx_word' id='word_1_305' title='bbox 2460 3661 2632 3737; x_wconf 78' lang='lat' dir='ltr'>iliud,</span> 
     </span>
     <span class='ocr_line' id='line_1_35' title="bbox 236 3761 2636 3850; baseline -0.005 -18"><span class='ocrx_word' id='word_1_306' title='bbox 236 3769 340 3832; x_wconf 89' lang='lat' dir='ltr'>quo</span> <span class='ocrx_word' id='word_1_307' title='bbox 400 3765 726 3844; x_wconf 87' lang='lat' dir='ltr'>scribebat,</span> <span class='ocrx_word' id='word_1_308' title='bbox 790 3771 1054 3850; x_wconf 86' lang='lat' dir='ltr'>tempus.</span> <span class='ocrx_word' id='word_1_309' title='bbox 1121 3806 1196 3815; x_wconf 91' lang='lat'>—</span> <span class='ocrx_word' id='word_1_310' title='bbox 1261 3769 1446 3833; x_wconf 90' lang='lat' dir='ltr'>Nunc</span> <span class='ocrx_word' id='word_1_311' title='bbox 1491 3789 1545 3833; x_wconf 89' lang='lat' dir='ltr'>v.</span> <span class='ocrx_word' id='word_1_312' title='bbox 1594 3770 1654 3833; x_wconf 87' lang='lat'>9.</span> <span class='ocrx_word' id='word_1_313' title='bbox 1701 3771 1764 3831; x_wconf 90' lang='lat' dir='ltr'>et</span> <span class='ocrx_word' id='word_1_314' title='bbox 1815 3770 1902 3831; x_wconf 85' lang='lat'>10.</span> <span class='ocrx_word' id='word_1_315' title='bbox 1966 3768 2229 3831; x_wconf 86' lang='lat' dir='ltr'>alterurn</span> <span class='ocrx_word' id='word_1_316' title='bbox 2274 3765 2480 3829; x_wconf 73' lang='lat' dir='ltr'>locun]</span> <span class='ocrx_word' id='word_1_317' title='bbox 2528 3761 2636 3821; x_wconf 76' lang='lat' dir='ltr'>ad-</span> 
     </span>
     <span class='ocr_line' id='line_1_36' title="bbox 237 3851 2632 3953; baseline 0.004 -39"><span class='ocrx_word' id='word_1_318' title='bbox 237 3851 390 3922; x_wconf 89' lang='lat' dir='ltr'>ducit</span> <span class='ocrx_word' id='word_1_319' title='bbox 446 3882 491 3929; x_wconf 82' lang='lat' dir='ltr'>S.</span> <span class='ocrx_word' id='word_1_320' title='bbox 557 3867 790 3933; x_wconf 89' lang='lat' dir='ltr'>Paulus</span> <span class='ocrx_word' id='word_1_321' title='bbox 855 3889 927 3932; x_wconf 87' lang='lat' dir='ltr'>ex</span> <span class='ocrx_word' id='word_1_322' title='bbox 988 3871 1311 3953; x_wconf 89' lang='lat' dir='ltr'>psalmo</span> <span class='ocrx_word' id='word_1_323' title='bbox 1368 3872 1468 3935; x_wconf 82' lang='lat'>68.</span> <span class='ocrx_word' id='word_1_324' title='bbox 1530 3870 1728 3953; x_wconf 85' lang='lat' dir='ltr'>(hebr.</span> <span class='ocrx_word' id='word_1_325' title='bbox 1777 3870 1908 3952; x_wconf 83' lang='lat'>69.)</span> <span class='ocrx_word' id='word_1_326' title='bbox 1967 3889 2023 3933; x_wconf 90' lang='lat' dir='ltr'>v.</span> <span class='ocrx_word' id='word_1_327' title='bbox 2069 3869 2168 3932; x_wconf 82' lang='lat'>23.</span> <span class='ocrx_word' id='word_1_328' title='bbox 2231 3866 2293 3929; x_wconf 89' lang='lat' dir='ltr'>et</span> <span class='ocrx_word' id='word_1_329' title='bbox 2352 3865 2468 3937; x_wconf 65' lang='lat'>24..</span> <span class='ocrx_word' id='word_1_330' title='bbox 2520 3881 2632 3945; x_wconf 76' lang='lat' dir='ltr'>qun</span> 
     </span>
     <span class='ocr_line' id='line_1_37' title="bbox 234 3958 2632 4055; baseline -0.003 -24"><span class='ocrx_word' id='word_1_331' title='bbox 234 3958 455 4041; x_wconf 81' lang='lat' dir='ltr'>Probet,</span> <span class='ocrx_word' id='word_1_332' title='bbox 496 3966 682 4032; x_wconf 87' lang='lat' dir='ltr'>fuisse</span> <span class='ocrx_word' id='word_1_333' title='bbox 721 3969 854 4052; x_wconf 89' lang='lat' dir='ltr'>jam</span> <span class='ocrx_word' id='word_1_334' title='bbox 919 3972 1063 4035; x_wconf 90' lang='lat' dir='ltr'>olim</span> <span class='ocrx_word' id='word_1_335' title='bbox 1124 3972 1636 4055; x_wconf 88' lang='lat' dir='ltr'>praedictam</span> <span class='ocrx_word' id='word_1_336' title='bbox 1696 3971 1864 4034; x_wconf 89' lang='lat' dir='ltr'>illam</span> <span class='ocrx_word' id='word_1_337' title='bbox 1912 3969 1955 4034; x_wconf 90' lang='lat' dir='ltr'>J</span> <span class='ocrx_word' id='word_1_338' title='bbox 1963 3970 2293 4033; x_wconf 89' lang='lat' dir='ltr'>udaeorum</span> <span class='ocrx_word' id='word_1_339' title='bbox 2339 3965 2632 4029; x_wconf 72' lang='lat' dir='ltr'>obcaeca-</span> 
     </span>
     <span class='ocr_line' id='line_1_38' title="bbox 236 4053 1711 4156; baseline 0.013 -39"><span class='ocrx_word' id='word_1_340' title='bbox 236 4053 448 4127; x_wconf 83' lang='lat' dir='ltr'>tionem</span> <span class='ocrx_word' id='word_1_341' title='bbox 494 4068 556 4130; x_wconf 91' lang='lat' dir='ltr'>et</span> <span class='ocrx_word' id='word_1_342' title='bbox 596 4068 1090 4151; x_wconf 90' lang='lat' dir='ltr'>obdurationem,</span> <span class='ocrx_word' id='word_1_343' title='bbox 1139 4074 1212 4136; x_wconf 91' lang='lat' dir='ltr'>de</span> <span class='ocrx_word' id='word_1_344' title='bbox 1256 4092 1376 4156; x_wconf 91' lang='lat' dir='ltr'>qua</span> <span class='ocrx_word' id='word_1_345' title='bbox 1419 4074 1711 4154; x_wconf 90' lang='lat' dir='ltr'>loquitur.</span> 
     </span>
    </p>

    <p class='ocr_par' dir='ltr' id='par_1_4' title="bbox 237 4163 2632 4561">
     <span class='ocr_line' id='line_1_39' title="bbox 423 4163 2632 4254; baseline -0.001 -26"><span class='ocrx_word' id='word_1_346' title='bbox 423 4163 494 4230; x_wconf 91' lang='lat' dir='ltr'>V.</span> <span class='ocrx_word' id='word_1_347' title='bbox 541 4168 598 4233; x_wconf 88' lang='lat'>9.</span> <span class='ocrx_word' id='word_1_348' title='bbox 647 4170 775 4248; x_wconf 63' lang='lat' dir='ltr'>„Et</span> <span class='ocrx_word' id='word_1_349' title='bbox 817 4171 1034 4236; x_wconf 79' lang='lat' dir='ltr'>David</span> <span class='ocrx_word' id='word_1_350' title='bbox 1077 4172 1264 4237; x_wconf 75' lang='lat' dir='ltr'>dicit:</span> <span class='ocrx_word' id='word_1_351' title='bbox 1324 4174 1474 4237; x_wconf 72' lang='lat' dir='ltr'>Fiat</span> <span class='ocrx_word' id='word_1_352' title='bbox 1514 4194 1722 4236; x_wconf 76' lang='lat' dir='ltr'>mensa</span> <span class='ocrx_word' id='word_1_353' title='bbox 1779 4194 1983 4236; x_wconf 80' lang='lat' dir='ltr'>eorum</span> <span class='ocrx_word' id='word_1_354' title='bbox 2038 4172 2105 4233; x_wconf 78' lang='lat' dir='ltr'>in</span> <span class='ocrx_word' id='word_1_355' title='bbox 2149 4169 2428 4254; x_wconf 64' lang='lat' dir='ltr'>laqueum</span> <span class='ocrx_word' id='word_1_356' title='bbox 2472 4177 2524 4229; x_wconf 69' lang='lat' dir='ltr'>ct</span> <span class='ocrx_word' id='word_1_357' title='bbox 2568 4169 2632 4225; x_wconf 68' lang='lat' dir='ltr'>in</span> 
     </span>
     <span class='ocr_line' id='line_1_40' title="bbox 237 4259 2628 4349; baseline 0.005 -28"><span class='ocrx_word' id='word_1_358' title='bbox 237 4259 580 4332; x_wconf 76' lang='lat' dir='ltr'>tendiculam</span> <span class='ocrx_word' id='word_1_359' title='bbox 640 4279 695 4333; x_wconf 80' lang='lat' dir='ltr'>et</span> <span class='ocrx_word' id='word_1_360' title='bbox 757 4272 824 4335; x_wconf 78' lang='lat' dir='ltr'>in</span> <span class='ocrx_word' id='word_1_361' title='bbox 884 4272 1246 4338; x_wconf 80' lang='lat' dir='ltr'>scandalum</span> <span class='ocrx_word' id='word_1_362' title='bbox 1310 4283 1366 4337; x_wconf 83' lang='lat' dir='ltr'>et</span> <span class='ocrx_word' id='word_1_363' title='bbox 1420 4276 1485 4337; x_wconf 78' lang='lat' dir='ltr'>in</span> <span class='ocrx_word' id='word_1_364' title='bbox 1549 4273 2062 4337; x_wconf 73' lang='lat' dir='ltr'>retributionem.“</span> <span class='ocrx_word' id='word_1_365' title='bbox 2138 4272 2428 4335; x_wconf 71' lang='lat' dir='ltr'>Locutio:</span> <span class='ocrx_word' id='word_1_366' title='bbox 2472 4289 2628 4349; x_wconf 58' lang='grc' dir='ltr'>γενη-</span> 
     </span>
     <span class='ocr_line' id='line_1_41' title="bbox 237 4358 2624 4456; baseline 0.001 -26"><span class='ocrx_word' id='word_1_367' title='bbox 237 4358 395 4439; x_wconf 71' lang='grc' dir='ltr'><strong><em>θήτω</em></strong></span> <span class='ocrx_word' id='word_1_368' title='bbox 442 4416 454 4428; x_wconf 93' lang='grc'><strong>.</strong></span> <span class='ocrx_word' id='word_1_369' title='bbox 497 4422 514 4438; x_wconf 89' lang='grc'><strong>,</strong></span> <span class='ocrx_word' id='word_1_370' title='bbox 558 4376 640 4442; x_wconf 78' lang='grc' dir='ltr'>εἰς</span> <span class='ocrx_word' id='word_1_371' title='bbox 681 4377 898 4455; x_wconf 79' lang='grc' dir='ltr'><em>παγίδα</em></span> <span class='ocrx_word' id='word_1_372' title='bbox 944 4422 956 4435; x_wconf 94' lang='grc'><strong>.</strong></span> <span class='ocrx_word' id='word_1_373' title='bbox 1003 4422 1016 4435; x_wconf 94' lang='grc'><strong>.</strong></span> <span class='ocrx_word' id='word_1_374' title='bbox 1059 4380 1143 4444; x_wconf 80' lang='grc' dir='ltr'>εἰς</span> <span class='ocrx_word' id='word_1_375' title='bbox 1185 4373 1382 4456; x_wconf 73' lang='grc' dir='ltr'><strong><em>θήραν</em></strong></span> <span class='ocrx_word' id='word_1_376' title='bbox 1442 4380 1554 4441; x_wconf 89' lang='lat' dir='ltr'>etc.</span> <span class='ocrx_word' id='word_1_377' title='bbox 1600 4379 1697 4439; x_wconf 90' lang='lat' dir='ltr'>est</span> <span class='ocrx_word' id='word_1_378' title='bbox 1757 4374 2149 4451; x_wconf 87' lang='lat' dir='ltr'>hebraistica,</span> <span class='ocrx_word' id='word_1_379' title='bbox 2210 4372 2440 4437; x_wconf 79' lang='lat' dir='ltr'>dictum</span> <span class='ocrx_word' id='word_1_380' title='bbox 2500 4373 2624 4433; x_wconf 74' lang='lat' dir='ltr'>scil.</span> 
     </span>
     <span class='ocr_line' id='line_1_42' title="bbox 240 4464 2624 4561; baseline 0.008 -42"><span class='ocrx_word' id='word_1_381' title='bbox 240 4464 324 4524; x_wconf 75' lang='lat' dir='ltr'>est</span> <span class='ocrx_word' id='word_1_382' title='bbox 377 4487 510 4555; x_wconf 84' lang='lat' dir='ltr'>pro:</span> <span class='ocrx_word' id='word_1_383' title='bbox 575 4472 881 4558; x_wconf 72' lang='grc' dir='ltr'>γενηθήτω</span> <span class='ocrx_word' id='word_1_384' title='bbox 925 4476 966 4561; x_wconf 71' lang='grc' dir='ltr'>η’</span> <span class='ocrx_word' id='word_1_385' title='bbox 1029 4473 1296 4559; x_wconf 74' lang='grc' dir='ltr'><em>τράπεζα</em></span> <span class='ocrx_word' id='word_1_386' title='bbox 1360 4475 1552 4542; x_wconf 75' lang='grc' dir='ltr'><em>αὐτῶν</em></span> <span class='ocrx_word' id='word_1_387' title='bbox 1634 4480 1834 4560; x_wconf 77' lang='grc' dir='ltr'><strong><em>παγίς,</em></strong></span> <span class='ocrx_word' id='word_1_388' title='bbox 1913 4474 2088 4557; x_wconf 69' lang='grc' dir='ltr'>θήρα</span> <span class='ocrx_word' id='word_1_389' title='bbox 2150 4478 2271 4538; x_wconf 76' lang='lat' dir='ltr'>eto·</span> <span class='ocrx_word' id='word_1_390' title='bbox 2372 4477 2624 4541; x_wconf 64' lang='lat' dir='ltr'>Lubntifl</span> 
     </span>
    </p>
   </div>
  </div>
 </body>
</html>
