3234 4992
1175 1117 1885 1295 Proleqomena

1482 1346 1548 1394 m

821 1479 1395 1580 Epistulam
1447 1483 1585 1558 ad
1636 1481 2201 1560 Romanos.

1429 1680 1484 1764 §-
1535 1681 1590 1746 1.

635 1846 896 1951 Origo
949 1854 1028 1928 ct
1077 1853 1384 1931 status
1437 1847 1879 1930 ecclesiae
1930 1847 2388 1928 Romanae.

332 1980 345 1999 f,
404 1957 500 2003 12>ss

330 2058 357 2089 “ss
396 2000 527 2179 ἓῖέμ
550 2075 592 2121 u
613 2073 708 2120 an
724 2055 763 2121 d
779 2073 814 2122 o
859 2056 1120 2144 ecclesia
1161 2057 1443 2123 Romana
1483 2055 1745 2122 existere
1783 2055 2073 2139 coeperit,
2119 2057 2283 2126 certo
2318 2055 2723 2120 determinari

324 2116 762 2239 {Aa
810 2157 871 2220 A
887 2157 968 2222 nt
990 2175 1022 2222 ο
1065 2175 1113 2222 s.
1138 2157 1319 2224 Pauli
1343 2159 1408 2223 in
1431 2158 1649 2224 urbem
1682 2175 1719 2222 a
1738 2156 1778 2220 d
1792 2175 1831 2224 v
1848 2175 1881 2222 e
1900 2176 1942 2221 n
1963 2159 2049 2220 tu
2064 2174 2129 2220 m
2162 2154 2328 2240 (0011.
2358 2156 2414 2234 1,
2443 2156 2719 2234 1o-14;

388 2246 413 2261 “
536 2256 634 2335 15,
680 2255 782 2321 22.
827 2256 960 2341 23.)
1004 2261 1068 2323 et
1110 2276 1149 2323 a
1162 2262 1293 2324 nte
1338 2260 1636 2345 epistolae
1687 2257 1874 2342 hujus
1920 2255 2331 2322 exarationem
2404 2274 2543 2321 eam
2582 2257 2720 2340 jam

408 2378 411 2379 ⁷
531 2376 570 2421 a
611 2359 687 2424 lo
704 2377 746 2423 n
763 2358 895 2442 gio
909 2359 980 2423 ri
1022 2361 1100 2424 te
1117 2379 1181 2424 m
1199 2381 1238 2444 p
1252 2377 1288 2425 o
1304 2380 1335 2425 r
1351 2379 1383 2426 e
1429 2359 1761 2441 exstitisse,
1816 2357 2036 2424 docent
2056 2359 2191 2441 ipsa
2228 2357 2493 2449 apostoli
2514 2358 2719 2438 verba,

291 2459 511 2543 quiin
552 2459 670 2524 hac
694 2456 956 2545 epistola
978 2459 1062 2545 (1,
1091 2461 1182 2547 8.)
1209 2462 1462 2528 scribit:
1510 2460 1599 2544 „F
1619 2461 1697 2525 id
1718 2479 1751 2525 e
1774 2478 1803 2526 s
1848 2478 1935 2524 ve
1954 2459 2131 2524 stra
2175 2458 2724 2525 annunciatur

289 2561 371 2626 in
416 2580 458 2626 u
474 2561 614 2626 niv
633 2580 666 2626 e
685 2579 716 2625 r
734 2579 764 2625 s
782 2580 817 2628 o
861 2580 927 2626 m
943 2581 983 2627 u
1002 2580 1043 2626 n
1061 2563 1102 2628 d
1123 2563 1199 2628 o“
1221 2587 1237 2641 ;
1280 2563 1456 2648 patet
1475 2562 1538 2628 id
1562 2579 1741 2646 porro
1788 2561 1948 2640 inde,
1996 2559 2139 2643 quia
2160 2559 2329 2644 (coll.
2358 2559 2455 2639 12,
2480 2559 2539 2625 6.
2568 2561 2721 2644 seq.)

299 2663 564 2729 ecclesia
587 2662 870 2728 Romana
891 2681 963 2729 eo
985 2665 1262 2748 tempore
1306 2684 1346 2749 p
1364 2685 1396 2729 r
1411 2683 1448 2729 a
1466 2684 1498 2729 e
1513 2683 1553 2747 p
1570 2681 1605 2729 o
1626 2663 1796 2728 sito
1815 2681 1845 2727 s
1884 2661 2157 2727 habebat
2180 2663 2242 2725 et
2279 2661 2533 2745 magis
2550 2662 2623 2727 tr
2638 2680 2672 2727 o
2691 2681 2721 2727 s

286 2763 364 2828 id
387 2781 423 2829 o
440 2783 483 2828 n
498 2783 530 2828 e
551 2781 586 2830 o
604 2783 654 2830 s.
721 2765 980 2830 Prorsus
1024 2765 1320 2831 credibile
1367 2769 1480 2845 est,
1524 2785 1564 2848 p
1581 2765 1739 2832 rim
1756 2782 1794 2830 a
1838 2782 1867 2829 s
1887 2783 1920 2828 e
1938 2763 2099 2828 min
2117 2779 2154 2827 a
2191 2762 2506 2828 doctrinae
2552 2763 2717 2830 chri-

290 2864 533 2930 stianae
578 2882 796 2950 sparsa
841 2865 1035 2931 fuisse
1077 2866 1314 2931 Romae
1358 2885 1468 2950 per
1511 2865 1818 2950 quosdam
1861 2863 1905 2930 J
1927 2883 1969 2929 u
1990 2865 2030 2930 d
2046 2882 2083 2929 a
2100 2883 2134 2929 e
2151 2882 2186 2930 o
2208 2883 2237 2929 s
2280 2863 2338 2930 R
2352 2881 2386 2930 o
2404 2883 2470 2929 m
2484 2882 2522 2930 a
2537 2883 2579 2930 n
2598 2883 2632 2930 o
2651 2884 2680 2930 s
2702 2914 2717 2944 ,

288 2965 395 3048 qui
438 2965 603 3032 festo
626 2966 1024 3031 Pentecostes
1073 2967 1390 3034 effusionis
1423 2986 1471 3032 S.
1505 2966 1770 3051 Spiritus
1805 2965 1994 3031 testes
2017 2965 2168 3030 facti
2192 2968 2255 3030 et
2276 2983 2386 3050 per
2406 2967 2717 3049 apostolos

289 3067 593 3146 conversi,
663 3067 918 3132 domum
961 3069 1189 3133 reversi
1233 3068 1386 3135 alios
1433 3068 1628 3134 etiam
1676 3065 1909 3132 Christi
1952 3064 2307 3151 cognitione
2351 3066 2717 3132 imbuerunt

289 3169 459 3253 (Act.
503 3169 565 3248 2,
615 3169 764 3255 10.).
830 3169 1066 3236 Romae
1133 3171 1298 3236 enim
1357 3170 1435 3236 ab
1503 3187 1574 3236 eo
1642 3173 1955 3252 tempore,
2024 3186 2142 3252 quo
2208 3167 2637 3251 Hierosolyma
2681 3187 2717 3233 a
2805 3190 2839 3217 ο

285 3269 530 3354 Pomp
553 3269 620 3354 ej
641 3288 676 3337 o
736 3271 919 3355 capta
961 3273 1091 3337 erat
1135 3271 1305 3357 (ergo
1349 3271 1428 3338 ab
1487 3287 1649 3336 anno
1711 3269 1813 3335 63.
1858 3272 2000 3335 ante
2052 3268 2420 3352 Christum),
2489 3267 2717 3335 Judaei

293 3389 635 3456 permagno
701 3389 958 3438 numero
1017 3373 1361 3457 degebant,
1431 3371 1536 3457 qui
1601 3369 1800 3435 serius
1862 3370 2147 3436 libertate
2213 3371 2465 3450 donati,
2531 3371 2711 3436 novis

287 3472 456 3538 aucti
506 3472 652 3538 sunt
694 3473 964 3540 advenis.
1012 3473 1099 3538 Hi
1144 3491 1287 3539 vero
1331 3472 1375 3539 J
1378 3473 1559 3540 udaei
1600 3471 1887 3551 Romani,
1932 3471 2027 3536 uti
2070 3471 2177 3537 alii
2222 3471 2287 3537 in
2331 3472 2717 3557 dispersione

287 3573 586 3657 degentes
604 3622 620 3654 ‚
699 3575 765 3639 in
828 3575 1013 3640 rebus
1076 3575 1382 3660 religiosis
1462 3594 1608 3642 cum
1674 3575 1718 3643 J
1721 3573 1934 3640 udaeis
2011 3573 2275 3659 patriam
2344 3573 2416 3659 (J
2420 3574 2711 3660 udaeam)

285 3673 722 3755 incolentibus,
790 3675 855 3740 in
900 3674 1249 3741 arctissimo
1295 3695 1454 3742 nexu
1503 3678 1861 3756 manebant,
1930 3679 1993 3741 et
2036 3676 2171 3743 ideo
2215 3676 2713 3761 Hierosolymam

284 3777 508 3858 templi
553 3777 716 3842 dona
759 3776 1100 3843 mittebant
1143 3777 1206 3842 et
1249 3777 1410 3843 festa
1451 3778 1947 3864 frequentabant.
2034 3776 2241 3856 Quum
2286 3781 2501 3843 tamen
2543 3778 2709 3844 hisce

284 3877 494 3960 parvis
538 3877 735 3944 initiis
781 3877 1013 3944 Christi
1056 3879 1423 3964 cognitionis
1468 3880 1737 3947 Romam
1802 3880 2014 3945 illatae
2060 3897 2169 3962 per
2230 3879 2371 3945 illos
2436 3878 2480 3945 J
2482 3878 2710 3945 udaeos

286 3977 605 4045 Romanos
672 3997 1013 4059 conversos,
1076 3980 1242 4047 haud
1301 3981 1495 4064 possit
1561 3981 1871 4066 explicari,
1939 3979 2241 4063 quomodo
2306 3999 2360 4047 a.
2408 3979 2530 4059 59„
2591 3999 2708 4063 quo

284 4096 332 4144 s,
379 4080 616 4145 Paulus
661 4081 994 4164 epistolam
1040 4081 1118 4147 ad
1160 4082 1474 4148 Romanos
1538 4082 1881 4163 scribebat,
1949 4081 2210 4148 ecclesia
2251 4081 2533 4149 Romana
2576 4085 2708 4147 tam

285 4179 486 4246 bene
528 4182 926 4248 ordinata
990 4181 1191 4260 fuerit,
1260 4183 1354 4247 uti
1401 4201 1538 4250 eam
1585 4184 1845 4269 epistola
1890 4183 2017 4269 (12,
2064 4184 2121 4249 6.
2170 4183 2324 4269 seq.)
2394 4185 2705 4268 supponit,

287 4282 450 4347 recte
486 4281 665 4366 juxta
707 4283 1107 4350 traditionem
1152 4283 1444 4350 statuitur
1464 4334 1479 4364 ,
1548 4285 1879 4351 eeclesiam
1941 4285 2290 4356 Romanam
2351 4303 2389 4350 a
2453 4285 2505 4350 P
2524 4289 2651 4351 etr
2672 4305 2706 4353 o

291 4381 575 4465 apostolo
619 4383 942 4450 fundatam
987 4384 1195 4450 fuisse.
1242 4385 1534 4452 Testatur
1575 4387 1641 4452 id
1678 4387 1815 4471 jam
1862 4387 2044 4472 (saec.
2091 4385 2179 4471 2.)
2224 4385 2703 4472 DionysiuS,

289 4481 748 4556 Corinthiorum
813 4487 1140 4573 episcopus
1165 4536 1182 4570 ,
1252 4487 1358 4573 qui
1418 4488 1714 4572 ecclesiae
1780 4488 1838 4554 R
1857 4505 1891 4554 o
1909 4506 1975 4553 m
1992 4505 2086 4554 an
2103 4506 2140 4554 a
2157 4507 2189 4553 e
2250 4489 2702 4573 plantationem
