3234 4992
540 276 669 345 215
1507 275 1619 330 οη.
1644 276 1771 320 xm.
1797 285 1845 317 v.
1874 274 1993 319 s-s.

545 459 804 527 debetis.
850 496 924 507 —
975 460 1368 547 „Vedi9al“,
1427 463 1561 528 scil.
1624 464 1681 527 ei
1738 462 1997 527 reddite.
2092 461 2386 527 Ceterum
2444 461 2775 527 tributu
2794 480 2862 526 m
2924 464 2987 526 et

546 562 920 645 vectigal
965 562 1256 627 differunt
1299 564 1432 642 hoc,
1478 564 1643 646 quod
1686 565 2103 630 tributum
2167 563 2459 647 penditur
2502 580 2612 646 pro
2659 563 2863 646 capite
2924 567 2988 628 et

547 663 748 746 agris3
797 664 1168 747 vectigal
1212 684 1355 730 vero
1399 665 1477 730 ob
1505 684 1743 730 merces
1789 665 1899 730 aut
1941 665 2365 747 importandas
2398 667 2509 729 aut
2552 664 2981 749 exportandaS.

547 798 633 812 —
680 762 852 844 „Cui
893 766 1228 845 timorem“,
1285 767 1416 832 scil.
1467 767 1726 832 debetis.
1790 804 1867 814 —-
1930 768 2348 847 „Timorem“,
2414 768 2548 831 scil.
2611 766 2667 830 ei
2726 766 2983 831 reddite.

553 865 677 930 Per
718 865 1007 932 timorem
1054 868 1322 951 intelligi
1369 868 1554 933 debet
1605 869 1709 933 hic
1761 888 1892 934 rev
1916 868 2257 933 erentia.
2312 904 2381 915 -
2431 866 2605 947 „Cui
2643 868 2989 945 honorem“,

551 967 682 1033 scil.
729 968 984 1034 debetis.
1031 1006 1115 1018 —
1158 969 1576 1049 „Honorem“,
1621 972 1750 1035 scil.
1800 972 1858 1035 ei
1902 970 2155 1035 reddite.
2242 968 2428 1034 Nunc
2472 970 2537 1033 in
2584 968 2988 1052 sequentibus

551 1068 714 1134 redit
757 1070 834 1135 ad
881 1089 970 1149 ea,
1018 1090 1176 1153 quae
1222 1072 1611 1138 omnibus
1659 1073 1982 1151 debentur,
2035 1076 2098 1137 et
2141 1071 2394 1154 quidem
2440 1071 2717 1155 proxime
2764 1070 2990 1135 transit

553 1171 633 1235 ad
683 1172 1238 1237 commendandam
1285 1173 1810 1239 charitatem.

759 1272 833 1337 V.
881 1274 938 1338 8.
1008 1274 1314 1353 „Nemini
1370 1274 1704 1361 quidquam
1770 1274 2037 1339 debeatis
2050 1323 2069 1353 ,
2135 1275 2261 1338 nisi
2337 1272 2593 1359 diliyere
2656 1273 2916 1337 invicem
2927 1277 2989 1353 ,·“

557 1374 738 1458 quasi
803 1374 1067 1439 diceret:
1139 1375 1449 1441 Omnibus
1513 1376 1741 1441 debitis
1808 1377 1899 1441 ita
1964 1376 2328 1453 satisfacite,
2391 1379 2464 1439 ut
2506 1374 2665 1439 nihil
2710 1373 2989 1439 debeatis

555 1475 865 1559 cuiquam,
928 1476 1048 1541 nisi
1093 1481 1382 1541 mutuum
1429 1495 1725 1542 amorem.
1816 1478 1953 1542 Hoc
2017 1481 2115 1542 est
2159 1476 2407 1560 egregie
2453 1477 2726 1554 dictum3
2786 1479 2990 1541 cetera

559 1576 726 1642 enim
774 1576 986 1642 debita
1032 1579 1372 1656 solvuntur,
1442 1583 1505 1642 et
1564 1579 1836 1662 amplius
1903 1598 2024 1644 non
2092 1578 2351 1643 manent
2416 1577 2659 1655 debita;
2728 1578 2988 1643 chari-

556 1678 770 1743 tatis
815 1697 958 1743 vero
1002 1678 1308 1758 debitum,
1357 1682 1646 1763 quamvis
1693 1681 1965 1746 solutum
2026 1681 2232 1759 fuerit,
2294 1680 2509 1744 tamen
2567 1681 2799 1757 manet,
2847 1680 2990 1761 quia

555 1779 872 1863 proximus
918 1799 1237 1863 semper
1271 1784 1369 1846 est
1391 1782 1783 1865 diligendus;
1833 1785 1929 1846 est
1974 1800 2116 1865 ergo
2162 1785 2692 1865 perpetuum,
2744 1800 2989 1862 semper

559 1881 821 1946 solubile
865 1884 926 1946 et
975 1900 1219 1965 semper
1273 1882 1602 1948 insolubile
1661 1884 1959 1948 debitum.
2007 1919 2093 1929 —
2137 1881 2313 1961 „Qui
2366 1883 2525 1945 enim
2585 1880 2796 1968 diliyit
2850 1904 2989 1967 pro-

557 1982 811 2063 zimum,
855 1982 1037 2069 leyem
1073 1983 1345 2071 implevit
1361 1976 1424 2064 ,Α
1471 1985 1650 2068 quasi
1696 1986 1957 2050 diceret:
2026 1984 2146 2064 Qui
2206 1984 2374 2049 enim
2435 1986 2705 2048 alterum
2766 1983 2987 2065 diligit,

557 2085 761 2169 legem
808 2084 1246 2170 (decalogum),
1314 2104 1432 2169 qua
1478 2088 1652 2168 parte
1700 2084 1942 2170 spectat
1987 2087 2360 2171 proximum,
2406 2085 2710 2168 implevit.
2804 2085 2990 2149 Hisce

558 2186 884 2269 probat,
932 2205 1042 2252 cur
1104 2188 1375 2253 charitas
1434 2188 1728 2254 omnibus
1789 2188 2105 2253 debeatur.
2158 2225 2227 2233 —
2282 2188 2449 2253 Dicit
2510 2188 2574 2251 in
2620 2188 2987 2271 praeterito:

555 2287 980 2370 implevit,
1041 2290 1204 2371 quia,
1268 2289 1374 2371 qui
1433 2291 1605 2353 amat
1669 2290 2039 2372 proximum,
2104 2308 2173 2353 eo
2215 2289 2372 2372 ipso,
2420 2290 2583 2371 quod
2628 2290 2819 2365 amat,
2860 2287 2990 2371 jam

562 2388 848 2473 implevit
913 2391 1157 2475 legem3
1226 2410 1371 2455 nam
1439 2391 1588 2455 dum
1658 2392 1831 2456 amat
1897 2391 2268 2474 proximum,
2336 2392 2511 2455 nulla
2575 2373 2807 2473 injuria
2851 2408 2988 2453 eum

562 2492 774 2571 afficit,
821 2494 982 2575 quod
1029 2512 1082 2556 v.
1130 2493 1188 2557 9.
1238 2496 1299 2557 et
1363 2493 1459 2557 10.
1508 2493 1797 2558 declarat.
1858 2529 1943 2539 —
2002 2492 2123 2556 Per
2163 2488 2351 2572 νόμον
2397 2493 2457 2556 h.
2504 2491 2545 2555 1.
2592 2490 2991 2574 intelligenda

563 2594 659 2659 est
701 2593 800 2657 lex
844 2593 1128 2677 decalogi
1173 2594 1296 2677 (lex
1339 2594 1663 2676 Mosaica),
1725 2612 1846 2676 qua
1891 2595 2065 2676 parte
2112 2593 2352 2676 spectat
2396 2593 2870 2676 proximum.
2916 2628 2989 2637 —

560 2693 746 2760 Nunc
812 2712 992 2759 versu
1036 2694 1093 2759 9.
1143 2696 1206 2759 et
1252 2696 1347 2760 10.
1398 2696 1689 2773 declarat,
1765 2694 1976 2759 omnia
2042 2694 2248 2759 officia
2316 2712 2464 2777 erga
2523 2693 2877 2776 proximum
2930 2693 2989 2755 in

563 2794 983 2861 charitate
1049 2815 1180 2861 esse
1235 2797 1508 2874 inclusa3
1571 2815 1681 2861 seu
1743 2796 1941 2873 illum,
2006 2796 2110 2877 qui
2171 2796 2437 2860 alterum
2498 2795 2723 2878 diligit,
2790 2794 2990 2859 omnia

561 2896 770 2964 officia
835 2915 982 2981 erga
1048 2898 1432 2981 proximum,
1501 2916 1659 2979 quae
1728 2898 1824 2962 lex
1889 2897 2221 2979 praecipit,
2284 2895 2421 2979 jam
2488 2895 2985 2979 implevisse,

564 2998 712 3082 quia
756 2998 820 3062 in
870 2998 1005 3082 ipsa
1049 2999 1373 3064 charitatis
1432 2998 1639 3064 indole
1685 2998 1874 3063 situm
1920 3001 2032 3077 est,
2079 2998 2431 3081 proximum
2479 2999 2669 3076 nulla,
2717 3017 2834 3063 nee
2879 2998 2989 3061 mi-

561 3100 752 3179 nima,
800 3100 1025 3185 injuria
1067 3099 1331 3165 afficere.
1422 3100 1570 3164 Ideo
1613 3105 1783 3164 recte
1830 3099 1981 3165 dicit
2026 3120 2072 3164 s,
2117 3098 2677 3183 Augustinus:
2727 3098 2989 3182 „Dilige,

564 3202 628 3267 et
667 3201 788 3281 fac,
835 3201 997 3283 quod
1042 3200 1196 3265 vie.“

761 3303 834 3369 V.
896 3304 953 3368 9.
1017 3302 1278 3382 „Nams
1341 3324 1462 3365 non
1527 3300 1989 3383 adulterabis;“
2060 3303 2098 3368 i.
2148 3322 2200 3367 e.
2248 3321 2396 3368 nam
2463 3304 2797 3386 praecepta
2837 3301 2983 3365 ista:

563 3422 684 3471 non
745 3404 1142 3471 adulterabis.
1233 3404 1586 3469 Adulter
1646 3406 1758 3481 est,
1822 3404 1927 3487 qui
1990 3404 2265 3470 alienum
2324 3406 2529 3469 torum
2590 3403 2803 3481 violat,
2866 3402 2983 3467 sive

566 3505 957 3588 conjugatUS,
1007 3506 1136 3571 sive
1181 3508 1454 3583 solutus3
1517 3506 1617 3570 vel
1674 3505 1779 3589 qui
1842 3505 2211 3589 conjugatus
2268 3524 2412 3570 cum
2481 3504 2584 3584 sit,
2648 3523 2795 3569 cum
2855 3522 2982 3567 mu-

563 3606 714 3671 liere
783 3607 986 3672 soluta
1048 3608 1506 3673 commiscetur.
1598 3607 2000 3671 Futurum
2069 3608 2127 3671 h.
2198 3607 2236 3671 1.
2299 3607 2392 3671 uti
2459 3607 2524 3671 in
2594 3605 2977 3688 sequentibus

563 3724 672 3791 pro
717 3706 1215 3791 imperativo
1263 3728 1430 3774 more
1477 3710 1921 3775 Hebraeorum.
1978 3746 2046 3755 -
2098 3708 2291 3787 „Non
2354 3706 2645 3772 occides.“
2733 3704 2977 3771 Homi-

562 3808 746 3873 cida
789 3810 883 3873 est
908 3809 1186 3892 quisquis
1210 3810 1441 3893 absque
1479 3810 1652 3893 justa
1691 3810 2060 3875 auctoritate
2104 3809 2424 3875 hominem
2462 3809 2592 3873 sive
2636 3808 2969 3881 nocentem,

563 3909 694 3974 sive
738 3908 1055 3974 innoxium
1100 3909 1412 3975 interficit.
1461 3948 1546 3959 —
1589 3910 1784 3990 „Non
1811 3910 2207 3997 furaberis.“
2261 3911 2575 3976 Furatu
2598 3930 2661 3989 r,
2708 3908 2971 3993 quisquis

563 4010 836 4077 alienum
897 4010 1090 4074 invito
1151 4009 1399 4076 domino
1452 4013 1559 4076 aut
1603 4013 1854 4096 accipit,
1915 4017 2024 4077 aut
2083 4013 2333 4078 detinet.
2388 4050 2454 4060 -
2509 4012 2705 4092 „Non
2746 4008 2971 4097 falsum

561 4110 964 4176 testimoniium
1007 4110 1235 4175 dicesf‘
1323 4111 1530 4177 Verba
1573 4114 1724 4179 haec
1783 4112 1848 4178 in
1910 4114 2125 4180 multis
2172 4114 2489 4179 codicibus
2544 4108 2967 4197 antiquissimis

564 4214 806 4278 desunt.
898 4212 1192 4279 Falsus
1236 4214 1494 4280 testis
1543 4217 1658 4293 est,
1707 4214 2057 4298 quicunque
2105 4216 2303 4279 sciens
2349 4215 2578 4279 falsum
2627 4214 2775 4280 dicit
2814 4209 2966 4276 testi-

567 4314 868 4393 monium,
935 4316 1304 4399 praesertim
1349 4316 1415 4381 in
1472 4315 1734 4399 judicio,
1802 4317 1863 4379 et
1929 4317 1995 4381 in
2059 4318 2504 4381 nocumentum
2572 4313 2839 4399 proximi.
2898 4344 2961 4355 --

565 4415 762 4494 „Non
805 4418 1244 4504 emicupisces‘ss
1289 4418 1418 4484 scil.
1467 4436 1667 4500 neque
1714 4434 1985 4498 uxorem,
2031 4437 2230 4501 neque
2264 4437 2395 4482 rem
2441 4416 2707 4501 proximi
2749 4414 2853 4479 tui.
2898 4445 2957 4455 -

567 4516 694 4597 „Et
733 4517 791 4583 si
830 4518 992 4607 quod
1035 4528 1120 4586 est
1161 4518 1341 4586 aliud
1371 4522 1847 4610 praeceptum;“
1904 4520 1945 4587 i.
1994 4539 2044 4587 e.
2095 4522 2158 4585 et
2202 4520 2607 4607 quodcunque
2646 4517 2959 4608 “praeterea
