3234 4992
485 195 613 261 24ss
1429 193 1541 246 unp.
1565 194 1689 236 xvr.
1716 204 1761 235 v.
1790 193 1959 235 12-11.

695 381 767 443 V.
820 380 918 445 12.
964 377 1291 456 „Salutate
1360 378 1786 465 prhaenam
1844 388 1901 443 et
1954 379 2350 463 Ryphosam,
2377 378 2381 382 ⁴
2410 398 2565 463 quae
2627 375 2921 439 laborant

489 481 557 541 ‘in
601 480 932 558 Dominoss,
977 480 1015 543 i.
1065 498 1116 543 e.
1164 498 1320 562 quae
1381 498 1490 544 suo
1552 480 1736 544 modo
1800 480 2253 563 (hospitalitate
2310 479 2410 542 vel
2470 478 2595 543 alia
2657 475 2916 561 virtute)

489 581 871 645 soll-aberant
915 580 1283 663 promotioni
1329 582 1659 663 evangelii,
1707 601 1816 645 seu
1860 581 1949 645 rei
1997 581 2407 664 evangelicae.
2456 616 2537 626 —
2584 577 2919 656 „Salutate

489 681 822 759 Persidem,
884 680 1187 759 dilectam,
1248 703 1404 767 quae
1457 681 1712 745 multum
1771 681 2079 745 laboravit
2133 681 2199 744 in
2243 681 2576 744 Domin0.“
2665 678 2714 743 L
2733 698 2771 743 a
2792 679 2915 743 bo-

485 785 705 846 rasit
749 785 831 847 in
876 782 1214 848 Domino
1259 787 1330 847 ut
1373 803 1575 867 supra.

685 885 758 949 V.
808 885 904 949 13.
953 884 1280 963 „Salutate
1325 885 1588 971 Rufum,
1634 884 1879 949 electum
1917 885 1985 948 in
2028 884 2358 963 Domino‘C,
2420 884 2458 947 i.
2510 903 2560 947 e.
2610 882 2913 947 eximium

485 985 717 1069 pietate
782 986 945 1049 inter
1010 987 1396 1051 christianos
1497 986 1802 1051 Nonnulli
1868 989 2108 1069 putant,
2178 985 2342 1049 hunc
2408 984 2707 1048 Rufum
2774 1003 2914 1047 esse

485 1085 681 1149 filium
745 1085 1120 1154 Simonis
1188 1085 1626 1171 Cyrenaei,
1696 1087 1898 1151 crucis
1964 1086 2200 1151 Christi
2264 1086 2580 1171 bajulum,
2650 1086 2725 1148 de
2794 1103 2914 1167 quo

485 1205 685 1249 sermo
733 1191 829 1251 est
893 1188 1058 1271 apud
1102 1188 1389 1253 Marcum
1450 1189 1578 1272 (15,
1624 1188 1777 1271 21.).
1868 1188 2225 1254 Sententiae
2282 1187 2429 1251 huic
2488 1186 2733 1251 videtur
2779 1185 2912 1249 suf-

485 1289 713 1369 fragari
757 1289 834 1365 id,
882 1290 1042 1371 quod
1069 1290 1263 1353 etiam
1285 1290 1392 1354 ille
1416 1290 1616 1354 Rufus
1654 1290 1818 1373 apud
1844 1288 2127 1353 Marcum
2172 1288 2235 1351 in
2280 1288 2599 1371 primaeva
2643 1288 2912 1351 ecclesia

485 1409 749 1473 maguae
818 1389 1043 1455 fuisset
1109 1391 1513 1456 auctoritatis.
1581 1428 1652 1438 --
1721 1392 1849 1469 „Et
1912 1399 2165 1453 matrem
2230 1394 2360 1479 eJ‘us
2416 1397 2595 1474 atque
2648 1392 2913 1467 meam“,

481 1493 779 1557 nimirum
823 1495 1111 1557 natura
1176 1492 1320 1556 Rufi
1382 1495 1668 1568 matrem,
1732 1491 2058 1555 affectu
2117 1508 2343 1554 meam.
2434 1490 2577 1554 Rufi
2636 1493 2910 1553 matrem

481 1597 665 1657 secat
709 1592 898 1657 etiam
945 1611 1198 1669 suam,
1246 1593 1394 1675 quia
1440 1597 1719 1657 materno
1765 1593 1992 1656 affectu
2039 1592 2307 1657 Paulum
2355 1592 2660 1674 diligeret.

681 1693 753 1755 V.
800 1695 898 1757 14.
943 1692 1273 1771 „Salutate
1292 1693 1709 1778 Asyncritum,
1756 1693 2158 1779 Phleyontcm,
2203 1695 2520 1772 Hermam,
2548 1690 2910 1770 Patrobam,

485 1793 807 1857 Hermenf‘
893 1795 1268 1859 Hermam
1352 1796 1517 1859 hunc
1584 1795 1886 1878 Origenes
1964 1799 2027 1859 et
2102 1795 2408 1859 Eusebius
2477 1794 2703 1878 putant
2770 1812 2911 1856 esse

481 1899 795 1958 auctorem
841 1894 1001 1972 libri,
1049 1896 1155 1977 qui
1201 1896 1498 1960 Pastor
1543 1896 1785 1972 dicitur,
1833 1896 1937 1959 sed
1982 1896 2244 1972 frustra3
2302 1915 2451 1960 nam
2506 1898 2721 1959 auctor
2764 1893 2908 1959 libri

481 1993 759 2057 Pastoris
804 1995 925 2060 fuit
967 1996 1231 2060 frater
1273 1997 1397 2061 Pii
1440 1998 1490 2061 Ι.
1537 1997 1881 2075 Pontificis,
1928 1998 2201 2079 vixitque
2267 1998 2434 2061 circa
2476 2014 2712 2060 annum
2761 1995 2905 2059 150.

477 2101 617 2177 pust
677 2096 1010 2161 Christum.
1060 2135 1134 2143 -—
1182 2098 1311 2176 „Et
1352 2099 1459 2183 qui
1514 2120 1649 2161 cum
1707 2099 1793 2176 eis
1848 2108 1989 2161 sunt
2031 2099 2345 2182 fratres‘ss
2406 2098 2444 2161 i.
2507 2118 2559 2162 e.
2625 2100 2690 2160 et
2742 2097 2907 2162 chri-

481 2197 713 2261 stianes
761 2215 972 2261 eorum
1018 2198 1408 2263 domesticos

689 2297 760 2357 V.
807 2299 903 2361 15.
965 2297 1294 2376 „Salutate
1339 2297 1725 2383 Philoloyum
1768 2308 1824 2362 et
1864 2298 2174 2363 Juliam.“
2264 2300 2571 2364 Videntur
2628 2300 2698 2363 hi
2756 2317 2904 2363 con-

469 2397 653 2477 juges
717 2396 923 2461 fuisse.
975 2434 1051 2445 -—
1096 2399 1411 2477 „Neo-eum
1455 2408 1510 2462 et
1551 2422 1817 2463 sororem
1875 2404 2005 2490 ejus
2046 2411 2102 2464 et
2153 2400 2544 2487 Olympam.“
2629 2401 2905 2483 Vulgata

477 2497 697 2561 hahet:
765 2496 1361 2581 Olympiadem3
1441 2500 1655 2565 Estius
1722 2506 1935 2583 putat,
2018 2503 2213 2568 fuisse
2274 2504 2560 2567 virum.
2628 2538 2716 2548 —
2778 2502 2907 2580 „Et

477 2617 693 2673 omues,
741 2597 846 2681 qui
886 2620 1020 2661 cum
1062 2600 1147 2662 eis
1189 2610 1346 2680 sunt,
1405 2607 1708 2681 sanctos“,
1768 2604 1804 2665 i.
1855 2623 1907 2668 e.
1955 2607 2018 2667 et
2077 2622 2290 2668 eorum
2339 2604 2733 2682 domestiGOS,
2795 2603 2898 2685 qui

477 2697 795 2762 christiani
841 2698 986 2761 sunt
1028 2716 1260 2765 omnes,

677 2801 749 2861 V.
801 2799 897 2863 16.
944 2798 1272 2879 „Salutate
1327 2824 1433 2865 vos
1485 2804 1739 2867 invicem
1796 2804 1996 2869 osculo
2040 2815 2248 2871 sancto
2264 2811 2330 2886 ;“
2391 2805 2569 2889 quasi
2632 2806 2894 2870 diceret:

477 2897 753 2961 Salutate
801 2917 909 2965 vos
953 2901 1214 2965 invicem
1261 2905 1376 2969 tali
1419 2907 1651 2985 osculo,
1716 2908 1878 2989 quod
1942 2908 2115 2971 decet
2160 2909 2551 2988 christianoS‚
2614 2912 2676 2971 et
2734 2908 2895 2989 quod

473 3001 823 3081 symbslum
887 3003 985 3065 est
1040 3003 1271 3068 amoris
1335 3006 1536 3069 sancti
1600 3010 1662 3068 et
1724 3007 1966 3071 sinceri.
2013 3044 2098 3055 —-
2143 3006 2537 3073 Consuetudo
2598 3008 2896 3072 nimirum

473 3105 605 3165 erat
649 3102 935 3184 antiquie,
980 3104 1052 3167 ut
1094 3106 1468 3188 propinquos
1527 3105 1591 3169 et
1649 3106 1881 3171 amicos
1944 3108 2343 3173 advenientes
2398 3111 2690 3173 osculo
2736 3108 2894 3173 exci-

473 3209 725 3281 perent:
768 3203 1050 3267 osculum
1096 3204 1261 3269 enim
1309 3210 1407 3269 est
1451 3206 1755 3270 amoris
1800 3208 2173 3291 symbolum.
2247 3209 2550 3275 Osculum
2593 3226 2737 3274 vero
2780 3210 2897 3273 hoc

465 3301 643 3381 justa
701 3321 745 3365 s.
793 3303 1059 3368 Paulum
1121 3307 1283 3389 apud
1348 3307 1721 3372 christianos
1787 3308 1972 3372 debet
2032 3328 2167 3373 esse
2224 3315 2631 3386 sanctum,
2694 3311 2758 3374 id
2802 3312 2898 3373 est

473 3401 717 3481 signum
763 3404 988 3468 amoris
1036 3408 1235 3470 sancti
1281 3410 1344 3470 et
1389 3408 1629 3472 sinceri.
1720 3406 2022 3473 Osculum
2067 3409 2184 3473 hoc
2231 3410 2668 3488 christianum,
2733 3409 2898 3493 quod

469 3497 1042 3568 Tertullianus
1088 3506 1239 3570 dicit
1281 3509 1563 3573 osculum
1611 3509 1875 3592 paciS,
1924 3528 2066 3574 mox
2121 3510 2187 3574 in
2244 3511 2503 3595 liturgia
2561 3513 2654 3597 (in
2701 3510 2894 3576 sacris

473 3599 905 3684 sumentibus)
951 3607 1094 3667 ante
1136 3604 1565 3672 Eucharistiae
1610 3610 2028 3691 sumptionem
2077 3611 2483 3677 exhibebatur
2527 3614 2592 3678 in
2638 3614 2888 3696 signum

469 3697 817 3762 dilectionis
882 3700 1204 3767 fraternae.
1275 3743 1351 3752 —
1409 3707 1749 3785 „Salutant
1803 3732 1909 3774 vos
1974 3733 2177 3775 omnes
2240 3711 2527 3776 ecclesiae
2598 3713 2895 3779 Christi.“

469 3797 681 3873 Quum
729 3799 1023 3867 nimirum
1069 3805 1219 3867 satis
1263 3813 1657 3889 cognosceret
1712 3811 1963 3876 illarum
2010 3814 2439 3891 ecclesiarum,
2505 3834 2662 3897 quas
2709 3817 2893 3898 ipse

469 3897 849 3975 fundaverat,
916 3902 1191 3974 studium
1249 3923 1393 3987 erga
1447 3909 1779 3986 Romanos
1842 3914 2219 3995 reliquarum
2278 3933 2422 3980 vero
2485 3917 2891 3981 eeclesiarum

469 3997 741 4061 studium
811 4017 956 4082 erga
1020 4019 1124 4065 eos
1190 4022 1677 4090 praesupponere
1742 4018 1984 4095 posset,
2064 4015 2200 4087 ideo
2279 4033 2447 4080 nunc
2527 4018 2891 4081 omnium

465 4097 713 4161 nomine
757 4097 893 4162 illos
940 4103 1188 4167 salutat.

546 4293 548 4295 r
665 4197 737 4261 V.
785 4198 880 4264 17.
927 4201 1233 4279 „Obsecro
1277 4215 1478 4270 autem
1518 4232 1643 4288 voe,
1670 4211 1941 4295 fratres,
1983 4224 2052 4277 ut
2094 4214 2416 4279 observetis
2453 4239 2573 4298 eos,
2617 4219 2727 4303 qui
2767 4216 2891 4280 dis-

465 4293 633 4357 sidia
677 4305 729 4357 ss
784 4302 1086 4366 scandala
1141 4315 1354 4370 contra
1414 4308 1777 4390 doctrinam,
1822 4337 2003 4398 quam
2055 4338 2160 4379 vos
2202 4316 2533 4397 didicistis,
2561 4318 2891 4403 faciunt.“

469 4393 621 4473 Vult
661 4397 888 4465 dicere:
934 4401 1205 4477 Obsecro
1249 4425 1359 4483 vos
1405 4413 1468 4483 et
1510 4410 1820 4494 adhortor,
1878 4417 1949 4479 ut
1991 4416 2329 4485 observetis
2374 4436 2498 4498 coe,
2546 4420 2652 4510 qui
2696 4420 2885 4489 dissi-
