3234 4992
510 247 596 314 94
1479 241 1587 295 Gap.
1617 240 1696 283 v1.
1723 251 1772 281 v.
1799 239 1964 281 11-13.

513 451 659 500 nam
703 432 782 496 ad
840 429 1313 495 destructionem
1358 427 1595 511 peccati
1639 429 1703 491 et
1745 424 1964 490 mortis
2008 422 2287 507 repetitio
2342 439 2467 487 non
2522 419 2652 484 erat
2706 435 2952 483 neces-

513 534 690 612 saria,
735 533 839 597 sed
883 548 1032 596 una
1074 529 1379 596 oblatione
1418 529 1482 593 in
1506 546 1685 592 cruce
1729 526 2051 615 peccatum
2080 523 2349 606 'ejusque
2393 522 2765 605 potestatem
2814 520 2957 582 de-

514 634 736 699 struxit
778 632 939 714 (coll.
978 632 1167 697 Hebr.
1213 631 1272 711 9,
1317 630 1432 707 28;
1484 630 1580 707 10,
1631 628 1725 693 10.
1777 628 1873 691 14.
1925 628 1979 692 1.
2018 626 2183 690 Petr.
2230 626 2289 702 3,
2338 623 2500 708 18.);
2544 640 2689 687 nam
2735 621 2958 685 sacri-

511 735 724 800 ficium
770 733 1000 799 Christi
1043 731 1319 797 sufficl
1342 749 1478 795 ens
1525 732 1623 794 est
1665 747 1773 812 pro
1815 727 2192 793 redimendis
2236 725 2596 790 hominibus
2639 723 2952 789 omnium

513 839 884 919 temporum,
929 834 1417 917 praeteritorum,
1464 830 1885 914 praesentium
1932 833 1995 894 et
2035 828 2402 893 futurorum.

721 934 997 1019 Vulgata
1039 933 1214 1017 ponit
1253 951 1500 1000 comma
1542 936 1727 1015 post
1771 948 2018 995 vocem.
2063 931 2437 1013 peccat03
2485 928 2595 992 sed
2641 927 2715 993 ob
2763 926 2960 991 anti-

519 1036 762 1102 thesin:
815 1036 970 1101 vivit
1028 1036 1218 1113 Deo,
1290 1034 1512 1098 melius
1578 1033 1691 1111 est,
1761 1032 1814 1097 si
1873 1049 2120 1096 comma
2193 1030 2457 1114 ponatur
2528 1031 2713 1094 ante
2769 1028 2960 1091 hanc

511 1156 747 1202 vocem.
799 1174 875 1183 --
921 1135 1163 1200 Vivit
1205 1135 1400 1213 Deo,
1445 1134 1484 1198 i.
1533 1152 1582 1198 6.
1630 1134 1707 1198 ad
1750 1132 1881 1216 ejus
1927 1133 2189 1215 gloriam
2230 1134 2293 1195 et
2330 1130 2598 1207 laudem,
2645 1132 2716 1193 ut
2760 1146 2956 1192 nunc

517 1238 736 1303 sedens
781 1237 860 1302 ad
905 1236 1218 1301 dexteram
1260 1235 1466 1300 Patris
1510 1235 1814 1299 mundum
1861 1233 1939 1297 ad
1983 1233 2188 1297 Deum
2232 1231 2565 1297 reduceret.

715 1338 792 1403 V.
843 1338 940 1402 11.
1010 1337 1156 1415 „Ita
1220 1346 1276 1399 et
1331 1357 1435 1399 vos
1487 1343 1762 1421 reputate
1818 1354 1924 1397 vos
1974 1334 2138 1418 ipsos
2192 1342 2461 1396 mortuos
2518 1330 2756 1417 quidem
2786 1352 2952 1415 pec-

512 1447 667 1516 cat0,
709 1439 969 1503 viventes
1012 1446 1211 1501 autem
1254 1437 1388 1500 Deo
1431 1437 1498 1499 in
1541 1435 1777 1501 Christo
1822 1434 1995 1513 Jesu,
2039 1434 2307 1497 Domino
2352 1438 2620 1497 nostr0.“
2701 1430 2952 1496 Verbis

506 1539 604 1603 his
647 1538 1022 1622 applicat
1081 1538 1395 1620 apostolus
1458 1555 1561 1615 ea,
1625 1555 1780 1619 quae
1840 1536 2009 1619 prius
2068 1534 2221 1599 dixit
2279 1535 2353 1599 de
2414 1536 2614 1602 morte
2673 1536 2737 1597 et
2792 1532 2952 1597 vita

510 1639 759 1718 Christi,
814 1638 904 1703 ita
959 1641 1031 1703 ut
1081 1656 1311 1703 sensus
1369 1637 1488 1701 sit:
1546 1637 1649 1701 Ad
1711 1635 1959 1715 Christi,
2016 1636 2237 1718 capitis
2294 1635 2511 1713 nostri,
2574 1633 2949 1716 exemplum

505 1743 787 1824 reputate
846 1757 954 1804 vos
1013 1758 1121 1823 per
1177 1738 1561 1822 baptismum
1625 1740 1878 1822 peccato
1926 1739 2234 1813 mortuos3
2290 1736 2366 1800 de
2425 1738 2665 1799 caetero
2708 1736 2946 1798 autem

512 1858 622 1907 vos
667 1840 874 1905 vivere
930 1842 1173 1923 oportet
1226 1839 1472 1905 tantum
1532 1839 1610 1904 ad
1664 1839 1927 1922 gloriam
1972 1838 2105 1902 Dei.
2195 1838 2271 1902 Id
2315 1855 2457 1902 vero
2498 1838 2742 1901 tantum
2785 1854 2946 1919 pos-

518 1960 755 2019 sumus,
827 1941 880 2005 si
945 1944 1016 2005 ut
1086 1940 1271 2006 viva
1341 1939 1699 2005 membra
1756 1940 1821 2005 in
1896 1939 2143 2005 Christo
2213 1955 2723 2022 permaneamus·
2791 1938 2947 2001 ideo

508 2042 697 2108 dicit.
740 2043 817 2109 in
864 2041 1196 2107 Christo
1242 2042 1627 2119 Jesu,1e
1672 2040 1963 2105 sisumus
2008 2040 2070 2106 in
2116 2041 2342 2105 unione
2388 2058 2529 2104 cum
2575 2057 2665 2117 eo,
2711 2057 2817 2103 3611
2871 2039 2939 2102 61

510 2123 901 2228 incorporati.

714 2243 786 2308 V
838 2244 934 2308 12.
982 2243 1129 2321 „Nc
1171 2264 1309 2328 erqo
1353 2250 1555 2328 reynet
1584 2251 1903 2328 peccatum
1958 2243 2026 2307 in
2068 2242 2322 2307 mortali
2376 2250 2571 2307 vestro
2614 2248 2939 2329 corporef‘

505 2345 872 2409 Perseverat
930 2344 1242 2425 apostolus
1303 2344 1369 2408 in
1431 2345 1812 2427 metaphora,
1876 2363 1997 2427 qua
2045 2344 2181 2428 jam
2237 2341 2415 2409 finxit
2469 2349 2797 2429 peccatum
2860 2346 2942 2409 ut

507 2444 829 2509 dominum
890 2447 951 2508 et
1003 2447 1356 2526 tyrannum,
1422 2445 1767 2510 dominium
1828 2464 2011 2510 suum
2070 2446 2137 2509 in
2190 2446 2477 2511 homines
2521 2446 2932 2524 exercentem,

518 2546 581 2607 et
624 2544 904 2609 hortatur
945 2543 1178 2622 fideles„
1236 2548 1308 2607 ut
1351 2564 1388 2609 a
1433 2547 1670 2629 peccati
1717 2546 1987 2613 dominio
2031 2546 2281 2612 liberati
2326 2550 2460 2631 (per
2501 2547 2929 2630 baptismum)

504 2644 704 2727 ipsius
748 2644 1061 2727 tyrannidi
1106 2664 1240 2709 sese
1275 2663 1396 2710 non
1429 2646 1695 2712 subdant
1732 2648 2022 2730 amplius.
2066 2683 2152 2695 —
2196 2647 2450 2731 ἁμαρτία
2493 2652 2607 2727 est,
2652 2651 2727 2713 ut
2768 2667 2825 2714 v,
2867 2648 2928 2711 6.

506 2746 930 2830 peccatum
977 2745 1043 2810 in
1085 2765 1309 2829 genere
1355 2746 1446 2832 (in
1491 2746 1845 2832 abstracto),
1893 2750 2071 2831 quod,
2133 2749 2417 2831 quamvis
2462 2748 2526 2812 in
2563 2746 2930 2831 Justificatis

511 2865 634 2912 non
679 2845 951 2930 amplius
992 2850 1065 2912 ut
1110 2849 1290 2931 culpa
1336 2850 1399 2912 et
1442 2848 1770 2913 dominans
1815 2849 2058 2931 spiritui
2102 2850 2297 2928 adest,
2354 2852 2565 2914 tamen
2609 2849 2813 2913 adhuc
2856 2852 2933 2912 ut

507 2948 600 3013 vis
645 2949 722 3013 ad
768 2948 1001 3013 malum
1050 2947 1316 3013 incitans
1364 2951 1426 3013 et
1470 2949 1720 3013 tentans
1768 2952 1865 3028 (ut
1910 2949 2438 3033 concupiscentia)
2483 2950 2796 3033 perdurat.
2848 2984 2932 2995 —

514 3048 747 3133 Corpus
794 3048 1019 3114 dicitur
1063 3051 1402 3115 mortale
1457 3050 1685 3133 partim
1740 3050 1807 3113 in
1868 3050 2167 3116 antithesi
2219 3069 2362 3115 cum
2424 3050 2767 3134 spirita,
2826 3049 2933 3132 qui

507 3151 670 3215 vitae
717 3151 999 3215 aeternae
1052 3150 1185 3233 jam
1237 3151 1551 3234 particeps
1609 3150 1815 3216 factus
1869 3155 1967 3215 est
2010 3152 2093 3237 (v.
2143 3153 2300 3237 11.);
2359 3152 2589 3235 partim
2658 3152 2725 3217 in
2769 3152 2932 3217 anti-

506 3251 668 3317 thesi
716 3270 858 3316 cum
918 3269 1249 3335 corpore
1301 3252 1809 3335 glorificato,
1867 3253 2041 3336 cujus
2093 3274 2347 3338 germen
2406 3253 2584 3320 nobis
2642 3254 2709 3318 in
2753 3272 2933 3337 rege-

511 3353 826 3417 neratione
867 3353 1157 3417 inseritur
1216 3356 1279 3416 et
1339 3353 1522 3418 morti
1583 3370 1707 3417 non
1771 3353 2121 3437 subjectum
2166 3359 2275 3420 est.
2323 3392 2407 3403 —-
2449 3355 2585 3433 „Ut
2630 3354 2936 3419 obediatis

508 3451 1000 3537 concupiscentiis
1042 3457 1233 3543 ejus‘ss
1293 3454 1588 3519 nimirum
1644 3454 1982 3520 obediendo
2041 3457 2247 3539 pravis
2308 3457 2581 3523 motibus
2641 3460 2706 3521 et
2766 3456 2935 3521 desi-

511 3551 714 3631 deriis,
759 3570 915 3634 quae
961 3555 1191 3618 excitat
1231 3555 1299 3619 in
1342 3572 1589 3638 corpore
1635 3557 1861 3621 nostro,

705 3652 953 3717 Lectio:
998 3659 1080 3723 εἰς
1117 3654 1184 3716 τὸ
1228 3654 1538 3718 ὑπακούειν
1581 3664 1710 3727 ταῖς
1768 3658 2108 3737 ἐπιθυμίαις
2150 3659 2350 3724 αὐτοῦ
2388 3661 2464 3728 ob
2508 3665 2702 3727 testes
2750 3682 2938 3747 prae-

506 3753 928 3819 stantissimos
975 3755 1241 3839 (codices
1287 3760 1349 3821 et
1389 3759 1727 3843 versiones)
1785 3760 2184 3843 praeferenda
2226 3767 2323 3828 est
2365 3762 2649 3828 lectioni:
2718 3768 2803 3834 εἰς
2862 3766 2934 3826 τὸ

501 3852 806 3922 ὑπακούειν
849 3854 993 3938 αὗτῃ
1039 3859 1095 3917 ἐν
1138 3862 1265 3944 fotis·
1307 3861 1647 3939 ἐπιθυμίαις
1690 3860 1897 3923 αὐτοῦ.

702 3957 777 4023 V.
827 3958 926 4023 13.
969 4005 1009 4036 „
1019 3958 1228 4043 Neque
1291 3960 1621 4027 coekibcatis
1683 3960 1952 4027 membra
2011 3972 2244 4043 vestra,
2302 3966 2705 4029 instrumenta
2766 3968 2933 4058 inju-

501 4059 727 4139 stitiae,
768 4064 1092 4143 peccato“;
1151 4060 1187 4124 1.
1236 4081 1284 4127 6.
1333 4082 1529 4146 neque
1577 4065 1862 4129 exhibete
1907 4067 2186 4130 membra
2230 4068 2499 4150 corporis
2544 4069 2735 4133 vestri
2779 4088 2927 4152 pec-

503 4163 642 4225 cato
687 4161 861 4244 quasi
905 4160 1320 4229 instrumenta
1364 4170 1425 4229 et
1469 4184 1644 4231 arma
1687 4167 1765 4231 ad
1810 4167 2145 4231 exercenda
2187 4185 2373 4250 opera
2421 4168 2768 4251 injustitiae
2814 4188 2930 4234 seu

501 4265 774 4345 peccata.
824 4301 898 4313 -—-
947 4261 1145 4344 ὁπλον,
1193 4265 1864 4343 instrumentum3
1909 4265 1981 4328 τά
2027 4265 2199 4345 ὅπλα,
2246 4286 2493 4346 arma3
2554 4270 2665 4334 sed
2726 4274 2932 4335 meta-

506 4362 755 4446 phorice
811 4366 883 4430 ut
939 4366 1001 4430 h.
1061 4366 1103 4431 1.
1163 4366 1717 4431 instrumenta
1773 4367 2228 4453 (Werkzeuge).
2294 4405 2361 4416 —
2427 4369 2597 4448 „Sed
2658 4370 2925 4434 exhibete

502 4484 607 4528 vos
654 4465 819 4550 ipsos
861 4466 1016 4546 Dec,
1071 4475 1365 4552 tanquam
1424 4488 1500 4531 eae
1549 4468 1806 4532 mortuis
1862 4468 2166 4534 0106111160(ί
2177 4492 2201 4551 ,·
2258 4470 2297 4535 1.
2361 4488 2411 4534 6.
2457 4471 2565 4537 sed
2628 4471 2773 4537 date
2821 4488 2934 4537 vos
