3234 4992
479 258 608 323 242
1471 254 1581 307 Gap.
1605 256 1705 299 XV.
1728 266 1775 297 v.
1800 256 1969 297 31-83.

490 443 702 507 sancto
766 440 833 507 in
897 440 1182 507 cordibus
1247 440 1525 506 fidelium
1593 440 1906 506 diffusam.
1968 478 2053 489 --
2110 440 2249 520 „Ut
2287 462 2514 505 mecum
2574 439 2809 503 certetis
2851 438 2921 501 in

473 542 762 631 precibus
800 565 917 629 pro
958 565 1052 607 mc
1093 541 1181 605 ad
1222 543 1485 622 Deum“,
1529 544 1565 607 i.
1617 564 1668 607 e.
1733 546 1805 607 ut
1861 563 2107 609 mecum
2168 546 2342 608 enixe
2387 545 2596 608 Deum
2659 561 2767 625 pro
2814 559 2919 605 me

486 644 839 727 precemini.
905 681 979 691 —
1044 644 1513 709 Praesentiebat
1571 644 1873 709 nimirum
1930 666 1975 710 s.
2038 646 2377 728 apostoluS,
2450 645 2618 709 mala
2682 642 2805 707 sibi
2853 643 2919 705 in

485 745 604 808 hoc
661 744 1224 827 Hierosolymitano
1282 746 1502 810 itinere
1560 748 1795 811 instare
1854 748 2018 829 (coll.
2068 747 2211 811 Act.
2278 748 2381 824 20,
2441 746 2593 829 22.)
2657 745 2721 807 et
2780 744 2919 807 ideo

486 847 775 911 hortatur
816 847 1098 924 lectores,
1157 847 1228 910 ut
1271 866 1414 911 cum
1461 848 1596 930 ipso
1654 850 1891 912 certent
1947 848 2011 912 in
2070 849 2353 931 precibus
2418 864 2529 930 pro
2595 846 2734 929 ipso
2775 844 2919 907 fun-

489 948 740 1025 dendis;
800 966 950 1013 nam
1011 967 1190 1012 verae
1247 967 1462 1031 preces
1528 953 1675 1013 sunt
1720 948 1899 1031 quasi
1943 954 2359 1013 certamen
2419 949 2687 1031 aliquod,
2738 947 2919 1029 cujus

486 1049 753 1132 figuram
795 1048 1105 1113 habemus
1165 1048 1230 1113 in
1291 1050 1462 1115 lucta
1506 1048 1550 1115 J
1571 1049 1810 1114 acobi
1870 1068 2015 1114 cum
2074 1051 2297 1133 angelo
2359 1049 2502 1133 (Dei
2547 1048 2754 1131 Filio).
2844 1048 2920 1111 In

486 1150 789 1233 precando
834 1150 1002 1214 enim
1047 1150 1257 1215 anima
1299 1150 1571 1215 hominis
1613 1170 1862 1215 omnem
1909 1170 2085 1215 suam
2132 1152 2265 1215 vim
2323 1151 2678 1215 interiorem
2742 1150 2919 1214 colli-

486 1270 632 1335 gere
678 1252 878 1329 debet,
922 1254 993 1315 ut
1039 1269 1224 1333 supra
1268 1270 1334 1315 se
1378 1252 1456 1315 ad
1500 1253 1703 1316 Deum
1753 1270 1819 1315 se
1864 1252 2065 1335 possit
2111 1252 2370 1316 elevare.
2460 1251 2659 1315 Tanto
2706 1250 2918 1333 magis

486 1353 654 1418 valet
695 1352 762 1417 id
784 1353 859 1416 de
911 1353 1046 1417 suf
1055 1352 1086 1416 f
1092 1370 1399 1436 ragns
1447 1354 1551 1435 qui
1576 1354 1743 1417 enim
1788 1372 1895 1435 pro
1918 1354 2061 1417 aliis
2108 1356 2415 1435 precatur,
2461 1353 2739 1437 inopiam
2762 1351 2918 1435 eju8‚

486 1471 594 1537 pro
642 1471 760 1536 quo
805 1458 1112 1536 precatur,
1159 1454 1341 1518 modo
1387 1454 1696 1537 spirituali
1742 1454 1932 1518 simul
1973 1454 2181 1518 sentit.

698 1552 770 1618 V.
817 1554 916 1618 31.
963 1553 1100 1631 „Ut
1143 1553 1362 1617 liberer
1418 1553 1498 1616 ab
1557 1554 1905 1637 infidelibus
1960 1556 2028 1618 in
2071 1554 2328 1619 Judaea
2342 1561 2407 1634 ;“
2452 1555 2489 1618 i.
2540 1574 2591 1618 e.
2638 1556 2711 1618 ut
2752 1553 2920 1617 libe-

487 1674 586 1720 rer
653 1654 732 1720 ab
800 1656 1135 1721 incredulis
1200 1656 1245 1721 J
1248 1656 1462 1720 udaeis
1530 1656 1689 1739 (seu,
1758 1676 1835 1721 ne
1901 1656 1964 1720 in
2011 1674 2236 1720 manus
2295 1656 2756 1720 incredulorum
2798 1653 2846 1719 J
2851 1674 2920 1717 u-

490 1757 779 1821 daeorum
824 1756 1142 1840 incidam).
1240 1756 1490 1822 Sciebat
1559 1760 1728 1822 enim
1773 1749 2095 1841 apostolus
2156 1776 2223 1821 se
2280 1756 2347 1821 in
2388 1756 2630 1823 Judaea
2673 1755 2919 1839 pericli-

488 1858 788 1937 taturum,
835 1861 906 1921 ut
950 1857 1055 1940 qui
1076 1856 1340 1946 ‚Iudaeis
1387 1861 1634 1941 propter
1662 1858 2057 1941 evangelium
2103 1857 2182 1923 ad
2226 1857 2492 1940 gentiles
2536 1857 2923 1939 transl{‚tum

491 1958 668 2022 valde
713 1962 877 2023 esset
935 1976 1153 2022 exosus
1206 1958 1493 2040 (Estius).
1545 1994 1618 2005 —
1664 1958 1795 2037 „Et
1850 1968 1919 2021 ut
1976 1959 2381 2022 ministerium
2442 1979 2639 2021 meum
2701 1956 2925 2020 Hiero·

488 2058 757 2143 solymae
798 2068 1108 2144 acceptum
1133 2058 1264 2142 fiat
1304 2059 1532 2121 sanctis
1544 2064 1609 2138 ;“
1656 2059 1834 2141 quasi
1880 2059 2153 2123 diceret:
2222 2060 2298 2123 Et
2354 2063 2426 2123 ut
2472 2077 2685 2123 meum
2731 2057 2922 2121 mini·

493 2160 751 2225 sterium
797 2160 860 2225 in
907 2160 1316 2243 eleemosynis
1371 2160 1751 2242 perferendis
1800 2161 1863 2224 et
1905 2160 2355 2226 distribuendis
2399 2162 2652 2243 gratum
2694 2178 2924 2242 accep-

489 2264 749 2344 tumque
793 2262 875 2325 sit
934 2261 1285 2325 christianis
1328 2260 1935 2344 Hierosolymitanis
1990 2297 2059 2307 -
2110 2261 2269 2343 Ipsis
2315 2260 2612 2325 nimirum
2660 2259 2705 2324 J
2708 2260 2924 2324 udaeis

491 2362 912 2427 conversis
958 2362 1302 2445 (fidelibus)
1362 2366 1494 2425 erat
1538 2367 1994 2444 suspectus
2056 2362 2313 2440 Paulu5‚
2377 2360 2556 2443 quasi
2599 2360 2926 2425 Judaismi

491 2461 690 2525 hostis
757 2465 819 2525 et
883 2461 1214 2545 gentilium
1278 2466 1608 2544 patronus,
1679 2464 1895 2545 utpote
1964 2462 2190 2526 docens
2215 2511 2230 2540 ,
2300 2462 2713 2527 christianum
2781 2480 2924 2525 esse

491 2561 756 2625 liberum
843 2580 880 2625 a
953 2562 1092 2645 lege
1157 2562 1448 2627 Mosaica.
1538 2564 1658 2627 Pro
1723 2566 1987 2625 διακονία
2056 2563 2332 2646 Vulgata
2396 2582 2539 2627 cum
2606 2562 2923 2627 codicibus

493 2661 866 2745 quibusdam
913 2662 1072 2745 legit
1115 2666 1469 2744 δωροφορία
1513 2664 1817 2748 (obsequii
1862 2664 2155 2749 oblatio);
2217 2664 2380 2747 quod
2424 2666 2638 2729 tamen
2680 2664 2925 2728 videtur

490 2764 805 2847 glossema
846 2782 998 2827 esse.

691 2865 764 2930 V.
811 2866 911 2931 32.
959 2914 1001 2951 ,2
1017 2866 1096 2931 Ut
1137 2888 1271 2929 cum
1310 2866 1541 2952 qaudio
1583 2868 1825 2931 veniam
1868 2866 1956 2930 ad
1997 2889 2102 2931 vos
2148 2889 2265 2952 per
2306 2866 2678 2931 voluntatem
2721 2865 2850 2929 Dei
2861 2869 2925 2945 ,·“

492 2967 667 3051 quasi
710 2968 980 3032 diceret:
1026 2968 1115 3033 Ut
1156 2969 1436 3051 gaudens
1483 2970 1558 3032 de
1603 2987 1893 3052 prospero
1952 2988 2250 3033 successu
2308 2968 2547 3033 itineris
2609 2972 2673 3032 et
2738 2966 2922 3032 mini·

493 3068 664 3133 sterii
708 3069 831 3134 mei
877 3070 1126 3134 veniam
1171 3070 1250 3134 ad
1293 3088 1422 3147 vos,
1472 3070 1526 3134 si
1571 3070 1758 3133 fuerit
1805 3069 1916 3134 Dei
1977 3071 2281 3134 voluntas
2336 3108 2409 3119 —-
2456 3068 2586 3148 „Et
2640 3092 2772 3133 una
2830 3092 2923 3133 re-

491 3191 654 3233 creer
695 3168 1060 3250 vobiscum“,
1107 3172 1146 3235 i.
1195 3190 1246 3235 e.
1295 3174 1357 3234 et
1415 3172 1579 3253 apud
1638 3190 1748 3235 vos
1806 3172 2027 3235 mutua
2088 3169 2535 3235 consuetudine
2600 3171 2925 3236 vobiscum

489 3289 738 3335 recreer.
826 3270 1239 3351 cwoevoenow'oe,
1299 3290 1423 3336 una
1483 3271 1765 3354 quiesco;
1832 3271 1911 3336 ad
1976 3272 2258 3336 animum
2328 3270 2382 3335 si
2446 3270 2753 3336 referatur
2774 3322 2791 3352 ,
2857 3274 2925 3336 in

493 3372 824 3454 passivo
871 3378 1004 3437 est:
1051 3393 1176 3438 una
1219 3391 1455 3437 recreor
1498 3391 1642 3437 cum
1686 3373 1913 3455 aliqu0,
1958 3378 2030 3437 ut
2074 3373 2135 3437 h.
2183 3373 2222 3436 1.

698 3471 772 3536 V.
819 3474 916 3537 33.
977 3474 1192 3554 „Deus
1249 3483 1452 3539 autem
1495 3474 1683 3558 pacis
1736 3496 1871 3537 cum
1928 3472 2203 3538 omnibus
2260 3472 2471 3537 vobi-‘1¹‘
2472 3521 2492 3552 ,
2548 3474 2589 3538 i.
2655 3494 2706 3538 e.
2754 3474 2927 3539 Deus

493 3574 729 3649 autem,
775 3574 947 3655 pacis
992 3578 1206 3639 auctor
1249 3578 1310 3639 et
1354 3575 1630 3657 largitor,
1678 3575 1760 3639 sit
1805 3594 1948 3639 cum
1995 3576 2285 3639 omnibus
2332 3574 2527 3641 vobis
2620 3575 2817 3658 Optat
2864 3580 2930 3639 et

491 3674 672 3756 rogat
715 3673 909 3752 hisce,
980 3676 1140 3757 quod
1177 3676 1313 3757 jam
1380 3674 1474 3738 bis
1542 3675 1608 3738 in
1674 3676 1789 3739 hoc
1857 3675 2057 3758 capite
2123 3675 2385 3758 rogavit,
2454 3679 2527 3740 ut
2594 3676 2931 3741 concordes

493 3773 617 3837 sint
659 3774 724 3837 in
766 3774 1046 3838 veritate.
1131 3781 1238 3856 τῆς
1280 3774 1518 3857 εἰρήνης
1574 3780 1671 3839 est
1713 3776 2025 3859 genitivus
2088 3776 2451 3841 effectus
2512 3776 2609 3859 (ut
2651 3797 2707 3842 v.
2755 3779 2817 3841 ὃ.
2866 3780 2931 3841 et

496 3874 641 3957 13.).
694 3910 766 3921 —-
817 3874 988 3938 Deus
1036 3878 1133 3938 est
1177 3881 1462 3939 auctor
1504 3877 1701 3960 paciS‚
1759 3879 2063 3957 quatenus
2110 3880 2205 3940 est
2250 3876 2432 3941 fons
2478 3878 2683 3942 omnis
2728 3878 2927 3961 paciS‚

495 3977 557 4038 et
615 3977 919 4055 quatenus
978 3994 1088 4056 per
1147 3973 1466 4039 Christum
1523 3976 2032 4059 pacificavit
2093 3976 2215 4041 sibi
2258 3978 2431 4041 Deus
2496 3978 2729 4057 omnia,
2798 3978 2930 4042 sive

494 4092 650 4155 quae
693 4074 759 4137 in
800 4074 1004 4151 terris,
1049 4074 1178 4138 sive
1225 4094 1382 4157 quae
1426 4077 1491 4140 in
1535 4078 1722 4142 coelis
1768 4082 1913 4143 sunt
1960 4076 2116 4158 (Col.
2170 4080 2225 4157 1,
2271 4078 2426 4161 20),
2491 4084 2555 4142 et
2614 4080 2925 4161 quatenus

492 4174 680 4239 homo
725 4175 927 4238 solum
972 4176 1038 4240 in
1083 4174 1235 4240 Deo
1284 4195 1490 4240 veram
1553 4178 1916 4260 (internam)
1977 4197 2195 4261 pacem
2254 4180 2643 4245 nanciscitur
2684 4181 2795 4264 (cf.
2866 4183 2926 4259 1,

495 4273 602 4356 7.).
648 4309 734 4322 —
775 4272 1078 4356 „Amen,“
1122 4276 1161 4340 i.
1211 4296 1262 4341 e.
1308 4276 1398 4341 ita
1443 4277 1544 4355 sit,
1593 4296 1705 4342 seu
1747 4278 1837 4343 ita
1880 4279 2007 4344 fiat.
