3234 4992
1145 236 1254 289 οη).
1279 236 1406 278 vm.
1430 246 1476 277 v.
1503 233 1675 277 sv-eo.
2502 235 2623 299 143

203 420 564 505 plenissime
624 419 696 485 in
751 419 1252 486 christianis
1309 420 1618 505 impletur.
1693 456 1773 469 --
1846 414 2275 499 θανατούμεθα
2337 417 2435 501 (ex
2497 413 2622 479 θά-

204 545 368 593 νατος
414 520 621 605 mors)
684 520 840 586 verti
897 521 1152 587 deberet
1203 540 1346 605 per:
1406 521 1974 586 interficimur
2031 519 2170 602 (wir
2220 518 2464 583 werden
2511 536 2621 601 ge-

203 621 455 705 todtet);
507 640 708 705 quum
754 638 897 685 vero
942 621 1107 687 adsit
1151 621 1290 703 ὁλην
1331 621 1444 703 τήν
1487 621 1727 704 ἠμεραν,
1786 620 2007 686 melius
2051 619 2313 684 vertitur
2356 637 2500 703 per:
2546 619 2625 683 in

205 722 493 788 mortis
540 722 924 805 pericula
964 723 1472 806 conjicimur
1513 723 1651 807 (wir
1692 721 2019 788 schweben
2056 721 2121 785 in
2159 719 2625 804 Todesgefahr).

211 861 276 871 -
335 821 419 893 οἷς
483 819 770 905 πρόβατα
823 830 1078 905 σφαγῆς,
1139 824 1360 889 sicut
1425 842 1615 889 oves
1680 821 2247 899 mactationis,
2313 821 2354 886 i.
2415 839 2466 885 e.
2512 821 2626 886 ha-

206 924 424 987 bemur
468 926 537 987 et
579 926 930 989 tractamur
987 924 1151 989 siout
1208 942 1351 989 oves
1408 923 1769 989 mactationi
1826 922 2194 989 destinatae.
2282 920 2453 1000 Quae
2497 919 2629 985 fata

209 1024 460 1087 adversa
519 1024 899 1107 praeprimis
953 1025 1316 1107 competunt
1370 1024 1436 1090 in
1481 1024 1853 1090 christianos
1913 1021 2263 1105 primitivae
2306 1020 2622 1086 ecclesiae.

404 1122 482 1187 V.
547 1124 652 1188 37.
722 1123 894 1203 „Sed
953 1126 1023 1187 in
1085 1126 1179 1188 his
1239 1124 1515 1189 omnibus
1587 1124 1759 1210 lonyc
1820 1123 2160 1209 asperiores
2220 1124 2489 1184 sumus.“
2549 1156 2628 1171 —-

210 1227 262 1285 ἐν
301 1222 546 1296 τούτοις
611 1228 796 1287 πᾶσιν
854 1225 1114 1290 refertur
1193 1226 1272 1289 ad
1335 1225 1543 1291 omnia
1605 1226 1755 1302 illa,
1815 1242 1969 1307 quae
2043 1222 2283 1287 duobus
2345 1220 2628 1285 versibus

213 1326 591 1409 praegressis
647 1328 1020 1391 enumerata
1083 1330 1245 1391 sunt.
1314 1362 1390 1375 --
1457 1326 1839 1409 Praepositio
1904 1324 2048 1405 ὑπὲρ
2113 1324 2177 1388 in
2244 1320 2629 1402 ὑπερνικῶμεν

215 1424 428 1489 tribuit
471 1426 670 1491 verbo
715 1426 1140 1511 significatum
1184 1426 1723 1510 superlativi:
1784 1427 2057 1490 multum
2116 1442 2224 1488 seu
2269 1421 2629 1507 plenissime

216 1525 552 1607 superiores
623 1545 846 1591 sumus
913 1526 1039 1611 (bei
1097 1528 1360 1605 weitem‚
1427 1527 1709 1612 ganzlich
1767 1522 2191 1607 iiberwinden)
2211 1572 2226 1601 ‚
2295 1522 2425 1587 scil.
2492 1521 2632 1587 istis

219 1626 504 1692 omnibus
551 1626 1001 1693 afflictionibus
1046 1628 1110 1691 et
1151 1626 1459 1710 periculis,
1511 1662 1585 1675 -
1632 1626 1800 1705 „Per
1842 1646 1996 1705 eum,
2051 1624 2159 1709 qui
2200 1621 2421 1687 dileoeit
2458 1626 2631 1699 nos“,

219 1725 344 1791 scil.
403 1746 516 1809 per
562 1726 908 1804 Christum,
976 1728 1081 1810 qui
1123 1746 1236 1792 nos
1291 1727 1462 1811 prius
1500 1727 1716 1793 dilexit
1772 1730 1833 1791 et
1891 1724 2069 1791 nobis
2128 1742 2312 1789 suum
2354 1738 2632 1788 amorem

219 1823 490 1891 inseruit.
588 1827 831 1911 „Amor
893 1846 1050 1892 onus
1069 1875 1086 1907 ‚
1163 1828 1378 1894 scribit
1453 1828 1726 1893 Thomas
1792 1826 2191 1909 Kempensi8‚
2258 1824 2389 1889 sine
2452 1840 2634 1887 onere

223 1927 436 2005 portat,
505 1930 572 1991 et
632 1944 817 1992 omne
877 1946 1161 1993 amarum
1219 1928 1399 1994 dulce
1459 1946 1532 1993 ac
1590 1927 1873 2011 sapidum
1940 1925 2189 1992 efficit.“
2238 1962 2312 1971 -—
2361 1922 2635 2006 Vulgata

225 2023 438 2090 habet.
483 2031 822 2111 propter
863 2046 1072 2105 eum3
1135 2047 1324 2093 sensu
1375 2029 1591 2093 eodem
1638 2029 1945 2106 manente,
1994 2026 2125 2091 scil.
2172 2044 2283 2109 per
2338 2024 2633 2089 auxilium

227 2121 466 2206 Christi,
514 2127 625 2209 qui
670 2127 884 2192 dilexit
924 2147 1051 2193 nos,

419 2225 496 2292 V.
544 2228 652 2292 38.
714 2227 1130 2307 „Persuasum
1171 2230 1330 2291 enim
1370 2227 1577 2308 habco,
1633 2249 1821 2313 neque
1860 2235 2108 2291 monem
2120 2272 2141 2306 ,
2197 2188 2385 2309 neque
2420 2224 2631 2301 vitwm,

227 2344 398 2409 neque
453 2326 739 2413 anqclos,
792 2350 978 2417 neque
1027 2330 1450 2415 principatus,
1508 2350 1697 2415 neque
1758 2328 2058 2392 instantia
2072 2374 2093 2408 ,
2150 2346 2335 2411 neque
2374 2323 2632 2409 futura,

233 2445 406 2510 'ww
432 2434 846 2513 potestates“;

414 2528 490 2593 V.
517 2530 623 2596 39.
669 2528 928 2615 „Neque
949 2528 1265 2610 coecelsum,
1295 2552 1482 2617 neque
1487 2528 1903 2616 profundum,
1941 2550 2127 2615 ‘neque
2148 2526 2345 2591 aliwm
2362 2526 2640 2611 quamvis

236 2634 586 2708 creaturam,
631 2651 814 2715 posse
855 2652 966 2694 nos
1009 2651 1300 2716 separare
1341 2654 1384 2694 a
1426 2632 1725 2695 charitate
1763 2631 1907 2710 Dei,
1966 2650 2121 2714 quac
2162 2637 2248 2692 cst
2286 2627 2356 2691 in
2406 2625 2642 2691 Christo

237 2722 392 2807 ἆσαι,
434 2727 733 2793 Domino·
767 2736 1035 2794 nostr0.“
1099 2731 1207 2809 Id,
1269 2732 1432 2813 quod
1474 2731 1656 2796 modo
1712 2730 1792 2815 (v.
1840 2728 1969 2813 37.)
2013 2730 2247 2795 dixerat
2290 2726 2637 2809 apostolus:

240 2824 346 2900 „in
385 2829 516 2895 his
569 2831 949 2896 omnibus
994 2832 1345 2896 multum
1388 2832 1865 2914 superiores
1909 2833 2247 2905 sumus“‚
2308 2826 2410 2890 hic
2468 2843 2641 2890 con-

238 2922 293 2988 fi
309 2945 412 2993 rm
431 2931 511 2995 at
571 2928 735 3017 (γὰρ)
781 2950 851 2995 ex
905 2949 1016 2995 sua
1058 2932 1454 3013 persuasione
1475 2980 1490 3010 ,
1550 2932 1779 3009 dicens,
1835 2931 1901 2994 in
1959 2932 2093 2993 tota
2133 2946 2339 2993 rerum
2398 2924 2642 2989 univer-

245 3025 411 3093 sitate
453 3032 545 3097 nil
590 3050 727 3097 esse
748 3079 764 3109 ,
825 3031 988 3113 quod
1040 3049 1152 3096 nos
1209 3034 1420 3115 posset
1475 3050 1755 3115 separare
1818 3049 1855 3095 a
1912 3028 2213 3094 charitate
2256 3026 2392 3091 Dei.
2441 3062 2523 3073 --
2565 3025 2644 3089 In

241 3128 472 3195 vocibus
513 3129 788 3203 θάνατος
829 3132 894 3197 et
935 3130 1088 3213 ζωή,
1134 3133 1228 3197 uti
1269 3133 1333 3198 in
1376 3131 1777 3215 sequentibus
1811 3130 2128 3208 membri8‚
2172 3128 2339 3192 inest
2378 3144 2642 3211 proso-

242 3232 597 3311 popoeia.
629 3230 998 3305 -θοὶνατος
1031 3233 1093 3298 h.
1118 3234 1158 3297 1.
1193 3237 1287 3298 est
1315 3234 1591 3317 apostolo
1625 3250 1791 3297 mors
1834 3228 2327 3313 corporalis,
2374 3226 2646 3311 cogitata

243 3326 527 3410 tanquam
573 3334 957 3399 violenta
1000 3353 1146 3400 cum
1191 3335 1319 3399 suis
1356 3333 1731 3411 terroribus3
1778 3334 1841 3397 et
1883 3330 2010 3413 ζωή
2041 3334 2138 3395 est
2178 3330 2308 3393 vita
2350 3332 2645 3410 tempo-

247 3428 442 3496 ralis
501 3452 648 3499 cum
694 3435 824 3500 suis
867 3434 1046 3499 bonis
1099 3438 1163 3498 et
1206 3434 1645 3519 voluptatibus.
1735 3431 1952 3514 Quoad
2011 3448 2265 3497 sensum
2307 3447 2489 3494 voces
2531 3429 2649 3494 hae

250 3522 406 3595 idem
448 3536 662 3601 valent
702 3554 791 3614 ac,
839 3535 1002 3617 quod
1044 3539 1264 3618 postea
1308 3535 1436 3621 (14,
1480 3534 1569 3620 8.)
1615 3534 1797 3600 dicit:
1858 3532 2042 3614 „Sive
2086 3530 2471 3609 vivimus,
2520 3530 2650 3594 sive

253 3631 632 3700 morimur
653 3683 669 3714 ‚
735 3636 990 3701 Domini
1055 3641 1333 3701 sumuS.“
1375 3672 1460 3684 —
1503 3637 1577 3701 In
1639 3634 2039 3718 sequentibus
2107 3632 2283 3699 adest
2346 3631 2649 3713 quaedam

250 3729 496 3799 varietas
559 3736 860 3801 lectionis.
950 3736 1244 3802 Nonnulli
1299 3738 1489 3801 testes
1551 3736 1770 3819 (etiam
1827 3735 1981 3800 Vul
1998 3754 2041 3819 g
2060 3754 2096 3801 a
2116 3733 2222 3819 ta)
2303 3737 2446 3818 post
2519 3731 2652 3794 οὔτε

251 3822 410 3911 ἀρχαὶ
437 3835 684 3920 legunt:
726 3836 858 3900 οὔτε
881 3836 1139 3911 ἐξουσίαι
1173 3838 1599 3924 (potestates);
1646 3841 1709 3901 et
1743 3836 1945 3901 multa
1985 3837 2192 3901 textus
2238 3836 2651 3899 monumenta

253 3926 370 3991 οὔτε
408 3934 707 4017 δυνάμεις,
773 3939 936 4022 quod
979 3940 1388 4004 communiter
1439 3940 1578 4021 post
1638 3936 1771 4000 οὔτε
1814 3934 1996 4019 ἀρχαί
2031 3936 2281 4019 legitur,
2338 3936 2477 4018 post
2520 3932 2653 3995 οὔτε

251 4029 516 4105 μέλλοντα
555 4038 808 4103 habent.
895 4039 1306 4105 Praeferenda
1349 4039 1445 4105 est
1487 4038 1671 4104 lectio
1692 4087 1708 4117 ‚
1770 4056 1927 4122 quae
1972 4038 2175 4102 solum
2220 4034 2444 4099 habet:
2520 4032 2653 4095 οὔτε

254 4126 493 4215 ἄγγελοι,
555 4136 688 4201 οὐτε
746 4136 954 4229 ἀρχαίς
1021 4143 1085 4204 et
1138 4159 1248 4224 per
1307 4139 1596 4223 angeloS‚
1658 4139 1803 4222 quia
1856 4156 1970 4203 vox
2025 4138 2181 4202 haec
2223 4135 2282 4199 h.
2328 4135 2370 4200 l.
2418 4134 2654 4216 absque
2731 4162 2734 4164 ·

258 4230 513 4311 epitheto
557 4241 838 4319 occurrit,
902 4240 1286 4324 intelligendi
1335 4244 1482 4306 sunt
1524 4240 1731 4323 angeli
1772 4239 1815 4304 b
1833 4239 1997 4316 oni3
2064 4255 2173 4321 per
2216 4234 2401 4319 ἄρχοις
2442 4238 2655 4301 autem

258 4326 367 4408 (Uti
405 4355 509 4419 per
554 4338 826 4413 ἐξουσίας
866 4344 928 4406 et
970 4338 1276 4423 δυνάμεις,
1337 4342 1391 4406 si
1431 4340 1744 4425 legantur)
1803 4339 1996 4405 mali
2038 4336 2277 4421 angeli;
2343 4354 2488 4402 nam
2533 4336 2652 4400 hae

260 4442 422 4500 voces
479 4440 716 4524 absque
759 4442 1045 4525 epitheto
1104 4442 1480 4509 adhibentur
1523 4442 1712 4507 etiam
1770 4441 1923 4505 alias
1968 4438 2224 4524 (Ephes.
2270 4437 2331 4517 6,
2379 4436 2475 4502 12.
2524 4434 2653 4502 Col.
