3234 4992
1259 228 1369 281 Cap·
1395 230 1474 273 VI.
1501 241 1546 272 V.
1573 231 1746 273 14.—16.
2631 232 2715 299 95

278 412 445 494 ipsos
489 413 686 493 totos,
732 413 947 496 quanti
991 414 1142 479 estis
1187 414 1416 499 (quoad
1473 418 1752 481 mentem
1811 419 1874 481 et
1930 415 2365 500 voluntatem),
2411 415 2477 480 in
2524 416 2706 483 obse-

277 512 494 595 quium
543 512 704 593 Deo,
751 514 913 579 sicut
955 514 1158 581 facere
1182 514 1381 581 -decet
1425 535 1546 596 eoS,
1593 516 1659 580 in
1706 516 1933 598 quibus
1979 519 2154 581 vetus
2196 516 2381 581 homo
2426 518 2718 607 mortuus

277 617 336 677 et
379 632 582 679 novus
630 615 879 680 renatus
925 618 1054 692 est;
1113 634 1259 681 seu:
1319 617 1424 699 qui
1482 637 1553 682 ex
1596 620 1797 682 morte
1840 617 2082 701 peccati
2125 618 2203 682 ad
2246 635 2467 683 novam
2514 618 2708 684 vitam

273 715 570 801 (gratiae)
623 716 980 782 resuscitati
1025 721 1188 782 sunt.
1237 754 1316 766 -
1362 719 1490 797 „Et
1545 717 1815 783 membra
1878 727 2098 795 vestra,
2154 718 2555 782 instrumenta
2605 723 2711 809 ju-

273 815 480 879 stitiae
524 816 732 895 Deo“,
777 818 906 883 scil.
955 818 1272 897 exhibete3
1319 820 1358 883 1.
1399 839 1448 884 0.
1497 820 1780 885 membra
1823 818 2091 901 corporis
2136 819 2323 883 vestri
2364 819 2534 902 (quia
2578 820 2709 885 vita

271 917 523 982 interna
571 919 704 983 Deo
749 918 954 984 dicata
996 920 1062 984 in
1105 920 1268 985 bona
1312 921 1538 985 transit
1581 919 1812 1004 opera),
1872 920 2153 985 exhibete
2200 920 2328 983 Deo
2388 921 2558 985 velut
2610 921 2708 985 in-

271 1018 664 1099 strumenta,
703 1020 925 1101 quibus
961 1019 1245 1103 justitiae
1288 1039 1474 1104 opera
1517 1021 1865 1087 exerceatis

483 1118 566 1183 V.
622 1120 719 1184 14.
777 1119 1145 1199 „Peccatum
1201 1122 1358 1185 euim
1437 1123 1503 1185 in
1587 1145 1694 1186 vos
1757 1144 1879 1186 non
1938 1119 2413 1185 dominabitur.“
2502 1121 2709 1201 Quum

270 1221 598 1301 apostolus
645 1221 826 1286 antea
848 1222 1214 1302 monuisset,
1258 1226 1330 1287 ut
1375 1241 1413 1288 a
1454 1225 1705 1307 peccato
1742 1242 1806 1287 se
1842 1225 2024 1301 totos,
2071 1222 2279 1287 animo
2324 1224 2387 1285 et
2430 1238 2699 1304 corpore,

272 1323 568 1386 avertant
617 1323 802 1405 atque
844 1322 976 1387 Deo
1039 1342 1105 1387 se
1151 1324 1416 1404 tradant,
1476 1342 1638 1389 nunc
1680 1324 1759 1389 ad
1804 1341 1907 1387 eos
1953 1322 2353 1387 consolandos
2402 1321 2704 1406 adjungit,

270 1438 333 1483 se
393 1422 744 1500 confidere,
808 1427 1130 1505 peccatum
1189 1424 1476 1507 deinceps
1537 1424 1625 1489 eis
1682 1424 2143 1488 dominaturum
2199 1439 2324 1487 non
2382 1441 2559 1500 esse:
2624 1459 2703 1469 --

275 1508 526 1587 addens'
564 1523 1014 1589 rationem:
1060 1546 1224 1603 „non
1265 1525 1425 1589 enim
1467 1524 1575 1589 sub
1615 1524 1740 1610 1090
1786 1526 1987 1603 estis“,
2032 1525 2171 1589 scil.
2202 1522 2500 1600 Mosaica‚
2552 1540 2709 1604 quae

275 1624 614 1705 peccatum
663 1623 917 1707 quidem
963 1625 1353 1704 ostendebat,
1400 1627 1506 1690 sed
1549 1626 1864 1704 virtutem,
1926 1643 2048 1707 qua
2105 1624 2237 1708 ejus
2300 1623 2593 1689 mandata
2648 1626 2710 1687 et

273 1723 726 1803 prohibitiones
789 1724 1213 1808 implerentur,
1274 1742 1397 1791 non
1442 1727 1649 1805 dabat,
1710 1763 1794 1773 -
1851 1724 2020 1805 „Sed
2076 1725 2185 1789 sub
2241 1726 2514 1810 qratiff,
2574 1724 2703 1788 scil.

275 1824 444 1903 estis,
494 1844 660 1908 quae
702 1825 1021 1891 hominem
1065 1827 1303 1892 interne
1340 1827 1610 1892 liberum
1654 1827 1879 1907 reddit,
1923 1827 2097 1909 eique
2140 1826 2269 1891 vim
2316 1827 2443 1905 dat,
2488 1824 2709 1889 volun-

279 1926 480 1990 tatem
526 1926 648 1992 Dei
705 1927 973 1991 libenter
1035 1930 1097 1991 et
1139 1928 1420 1992 hilariter
1475 1927 1794 2011 implendi.
1848 1964 1919 1975 -
1968 1926 2171 2007 Quam
2216 1946 2347 1991 rem
2392 1926 2708 2009 apostolus

293 2024 494 2091 fusius
542 2027 611 2091 in
657 2027 897 2092 duobus
943 2028 1252 2111 capitibus
1299 2029 1702 2111 sequentibus
1746 2030 2019 2093 illustrat
2064 2028 2127 2092 et
2168 2026 2541 2111 comprobat.

481 2127 561 2192 V.
615 2126 712 2191 15.
775 2117 992 2206 „Quid
1047 2129 1238 2212 ἱρέων
1253 2152 1273 2192 .·
1341 2152 1486 2194 num
1540 2150 1853 2214 peccemus
1870 2176 1889 2207 ,
1952 2128 2100 2214 quia
2160 2150 2281 2191 non
2340 2148 2543 2191 ezwnus
2600 2125 2709 2189 sub

281 2224 424 2311 1090,
470 2228 583 2292 sed
640 2227 748 2291 sub
803 2229 1074 2313 yratiaf‘
1122 2265 1196 2275 —
1245 2229 1450 2309 Quum
1513 2231 1644 2296 scil.
1709 2230 2026 2313 apostolus
2085 2228 2358 2312 proxime
2418 2228 2708 2292 dixisset:

279 2344 435 2393 non
480 2329 696 2395 estis
744 2329 892 2394 sub
937 2330 1156 2414 lege,
1219 2332 1358 2395 sed
1420 2332 1565 2396 sub
1630 2332 1907 2415 gratia
1950 2368 2028 2378 -
2088 2332 2376 2413 poterant
2420 2328 2553 2412 ejus
2600 2328 2708 2393 ad-

283 2430 536 2494 versarii
601 2448 671 2494 ex
747 2430 864 2495 hac
917 2430 1074 2513 legis
1145 2431 1433 2497 libertate
1510 2432 1903 2509 concludere,
1973 2450 2115 2495 eum
2177 2432 2393 2495 docere
2457 2429 2573 2494 lib
2598 2448 2705 2493 er-

280 2531 539 2597 tatem
586 2532 1012 2614 peccandi,
1060 2533 1288 2615 quippe
1350 2552 1542 2617 quum
1587 2534 1745 2617 legis
1792 2534 2030 2598 statuta
2087 2532 2167 2597 ad
2223 2548 2327 2596 eos
2390 2548 2513 2594 non
2570 2549 2708 2594 am-

285 2630 444 2711 plius
488 2633 864 2717 pertineant.
956 2632 1058 2696 Ad
1117 2634 1279 2715 quod
1334 2635 1693 2717 respondet:
1752 2632 2035 2713 „Absit“,
2091 2631 2130 2697 i.
2194 2651 2245 2696 e.
2290 2633 2489 2716 longe
2536 2632 2703 2698 absit

283 2732 410 2797 tam
455 2734 658 2817 impia
699 2734 1153 2817 consequentia,
1218 2752 1360 2798 cum
1405 2736 1612 2817 potius
1656 2754 1726 2799 ex
1770 2735 1954 2825 dictis
2011 2734 2169 2799 bene
2226 2733 2560 2798 intellectis
2604 2733 2696 2796 di-

285 2850 532 2900 versum
582 2835 890 2917 sequatur,
936 2834 1067 2899 scil.
1113 2852 1239 2899 non
1282 2854 1422 2899 esse
1464 2836 1869 2918 peccandum.
1958 2833 2235 2915 Vulgata
2307 2833 2439 2897 loco
2514 2850 2693 2897 con-

278 2932 464 3013 junc
488 2936 650 3002 tivi
693 2954 814 3001 001.
863 2933 1345 3022 (ἁμαρτήσωμεν)
1389 2936 1544 3019 legit
1583 2936 1951 3000 futurum
1998 2930 2478 3018 (ἁμαρτήσομεν).

475 3036 554 3101 V.
604 3037 702 3101 16.
765 3036 1174 3127 „Nesc33tz‘enc,
1237 3038 1338 3100 cui
1391 3058 1495 3100 vos
1557 3037 1684 3121 ipe&
1729 3035 2078 3121 praebeatis
2140 3056 2341 3099 servos
2410 3034 2497 3097 ad
2578 3034 2705 3098 obe-

287 3132 602 3217 dientiam,
647 3140 776 3228 ejus
818 3159 925 3201 vos
963 3159 1166 3202 servos
1207 3158 1348 3217 esec,
1393 3138 1493 3201 cui
1531 3136 1850 3217 obediatis,
1893 3146 2004 3200 aut
2032 3136 2276 3221 peccati
2316 3134 2404 3199 ad
2438 3144 2704 3214 mortem,

289 3244 390 3299 aut
435 3237 814 3303 obedientiae
857 3237 945 3301 ad
983 3239 1303 3328 justitiam
1319 3238 1388 3301 52«
1473 3238 1817 3321 Postquam
1862 3256 1908 3302 S.
1956 3238 2271 3321 apostolus
2328 3237 2499 3301 istud
2559 3254 2703 3303 oon-

289 3354 555 3423 sequens
602 3340 939 3406 absurdum
985 3360 1057 3404 ex
1102 3340 1280 3405 dictis
1319 3339 1687 3423 simpliciter
1731 3338 1959 3423 (verbis
1980 3337 2059 3421 μή
2085 3339 2332 3422 γένοιτο)
2376 3339 2703 3423 repulerat,

291 3456 473 3506 versu
544 3442 661 3508 hoc
734 3444 796 3505 et
854 3441 1093 3505 duobus
1156 3440 1557 3523 sequentibus
1617 3439 1743 3525 (17.
1808 3444 1871 3504 et
1930 3440 2055 3525 18.)
2117 3458 2319 3505 nova
2374 3440 2710 3521 ratione

291 3541 528 3621 probat,
575 3541 911 3607 christiano
957 3559 1080 3606 non
1123 3542 1306 3605 modo
1366 3541 1751 3624 peccandum
1810 3559 1929 3605 non
1992 3560 2147 3621 esse,
2212 3542 2320 3606 sed
2362 3542 2495 3607 Deo
2554 3541 2705 3607 fide-

291 3638 429 3707 liter
477 3642 891 3722 serviendum,
954 3643 1044 3707 ita
1088 3642 1790 3726 argumentando:
1850 3643 2055 3707 Homo
2116 3643 2308 3707 servit
2364 3644 2473 3707 aut
2530 3661 2707 3726 pec-

291 3746 469 3809 cato
530 3744 640 3809 aut
687 3744 1080 3826 justitiae
1153 3743 1442 3828 (servitus
1522 3746 1615 3808 est
1686 3744 1794 3809 aut
1858 3747 2197 3827 peccato
2264 3743 2539 3809 exhibita
2600 3748 2709 3809 aut

296 3840 476 3928 Deo)
539 3844 622 3929 (v.
686 3846 806 3923 16.,
881 3845 986 3928 qui
1060 3846 1336 3911 continet
1397 3845 2056 3929 propositionem
2121 3844 2555 3927 majorem).
2631 3880 2707 3891 —-

293 3933 480 4027 Atqui
541 3946 731 4011 relate
789 3946 868 4009 ad
924 3945 1475 4010 christianum
1541 3946 1757 4011 electio
1824 3946 1956 4029 J'am
2013 3946 2181 4010 facta
2240 3949 2375 4021 est;
2432 3944 2537 4008 ille
2600 3963 2709 4027 per

293 4039 678 4129 baptismum
723 4064 762 4111 a
803 4045 1047 4129 peccati
1101 4046 1396 4111 servitute
1453 4046 1751 4112 liberatus
1811 4051 1908 4112 est
1966 4048 2048 4130 (v.
2098 4047 2174 4110 17
2183 4094 2218 4124 .,
2283 4044 2387 4128 qui
2430 4044 2706 4111 continet

293 4146 770 4230 propositionem
828 4148 1290 4231 minorem);
1362 4184 1442 4193 --
1518 4166 1661 4231 ergo
1717 4148 1823 4213 ille
1887 4146 2285 4230 justitiae
2346 4146 2701 4212 incumbere

295 4244 469 4313 debet
527 4248 611 4331 (v.
678 4249 800 4327 18„
860 4248 965 4330 qui
1022 4251 1120 4313 est
1179 4248 1655 4335 conclusio).
1720 4288 1798 4301 -
1863 4248 2121 4313 Verbis:
2182 4246 2288 4308 οὐκ
2350 4250 2545 4309 ocem
2604 4249 2709 4331 (an

293 4348 569 4439 nescitis)
611 4348 678 4413 in
722 4349 1089 4415 memoriam
1132 4352 1376 4415 revocat
1419 4352 1861 4435 experientiam
1905 4369 1976 4415 ex
2018 4349 2149 4413 vita
2191 4349 2484 4431 humana,
2534 4353 2698 4433 quod

295 4448 418 4514 scil.
467 4450 954 4517 obedientia
995 4450 1262 4517 faciat
1307 4470 1649 4518 servum.
1701 4489 1775 4499 —
1821 4452 1924 4517 Ad
1981 4452 2193 4515 δουλοῖ
2246 4454 2371 4513 ἐστε
2419 4452 2516 4518 est
2560 4470 2705 4537 sup-
