3234 4992
1249 239 1359 292 cap.
1385 240 1511 281 vm.
1538 251 1584 282 v.
1611 242 1678 283 ει.
2529 241 2647 306 131

194 457 280 467 -—
320 421 464 487 Alii
523 441 681 489 vero
738 442 884 489 cum
943 443 990 491 s.
1055 423 1635 509 chrysostomo
1695 444 1804 508 per
1864 422 1966 488 τᾶν
2024 421 2405 497 ὑποτάξαντα
2460 424 2650 490 intel-

193 522 406 605 ligunt
465 523 600 589 Ad
625 542 882 589 amum
941 528 1052 590 aut
1114 525 1435 591 hominem
1501 526 1884 609 generatim,
1947 526 2038 590 ita
2103 529 2176 590 ut
2242 544 2463 591 sensus
2530 526 2647 592 sit:

194 623 470 705 Propter
529 624 862 691 hominem
922 625 1206 709 subjecta
1268 628 1366 692 est
1428 626 1810 709 corruptioni
1875 625 2035 711 (scil.
2103 643 2313 691 rerum
2379 626 2648 711 natura),

193 723 385 788 homo
433 728 604 803 erat,
652 726 758 808 qui
799 726 979 791 illam
1021 726 1314 792 miseriae
1356 726 1546 810 hujus
1591 726 1938 793 consortem
1996 726 2243 791 fecerat.
2333 725 2505 806 Quae
2550 746 2645 793 ex-

192 824 459 905 plicatio
535 826 767 891 melior
821 827 1086 905 videtur,
1159 828 1441 909 quamvis
1509 845 1726 893 sensus
1790 826 1990 910 quoad
2048 826 2469 892 substantiam
2526 844 2650 893 non

193 924 448 989 differat
501 943 545 989 a
593 926 800 1009 priori.
890 926 1048 993 Tota
1091 945 1298 994 rerum
1357 929 1580 993 natura
1637 930 1780 992 ante
1855 927 2105 1009 lapsum
2172 926 2456 1010 subjecta
2520 930 2652 994 erat

189 1023 458 1103 homini,
529 1028 718 1109 quasi
765 1026 1014 1092 domino
1074 1031 1137 1092 et
1195 1028 1328 1112 regi
1396 1045 1528 1107 suo,
1595 1028 1727 1093 erat
1770 1027 1948 1111 quasi
2009 1025 2197 1093 latius
2255 1028 2650 1112 ampliusque

193 1124 670 1192 vestimentum
731 1128 990 1212 spiritus
1057 1128 1314 1193 humani
1334 1176 1351 1206 ,
1415 1128 1622 1212 prouti
1684 1145 1909 1211 corpus
1965 1132 2098 1192 erat
2154 1127 2405 1211 propius
2448 1128 2646 1211 ipsius
2740 1147 2753 1159 ·

197 1225 692 1292 vestimentum.
780 1228 1022 1293 Natura
1081 1229 1240 1311 ipsa,
1300 1231 1518 1313 utpote
1576 1228 1815 1293 ratione
1874 1246 1947 1293 ac
2000 1227 2197 1293 libero
2243 1227 2491 1293 arbitrio
2539 1228 2643 1292 de-

196 1324 424 1390 stituta
475 1331 548 1391 et
593 1328 734 1393 ideo
780 1328 974 1394 studii
1017 1328 1144 1395 veri
1203 1347 1276 1394 ao
1333 1328 1584 1394 honesti
1641 1328 1923 1411 incapax,
1984 1347 2107 1394 non
2148 1330 2391 1411 poterat
2432 1327 2515 1392 in
2559 1346 2589 1393 s
2610 1346 2644 1392 e

197 1426 256 1488 et
299 1444 342 1507 p
365 1444 454 1491 er
503 1427 1078 1511 se·perfectionem
1135 1447 1315 1494 suam
1359 1428 1657 1508 nancisci,
1717 1428 1828 1493 sed
1886 1428 2135 1493 tantum
2193 1428 2257 1493 in
2302 1428 2644 1508 homine,
2754 1468 2759 1473 ·

195 1526 545 1608 propter
591 1546 824 1609 quem
883 1547 920 1593 a
975 1529 1109 1593 Deo
1167 1531 1376 1593 creata
1420 1531 1554 1593 erat
1596 1532 1663 1593 et
1705 1546 1849 1593 cum
1896 1546 2015 1612 quo
2075 1528 2381 1613 (homine)
2443 1528 2647 1612 quoad

199 1625 500 1691 naturam
549 1627 879 1711 physicam
922 1629 1003 1693 in
1045 1647 1248 1693 nexu
1291 1628 1619 1697 existebat.
1670 1627 1736 1693 Si
1758 1629 1942 1693 homo
1968 1628 2101 1694 Deo
2145 1628 2536 1694 obedientem
2580 1647 2647 1693 so

198 1728 653 1807 praestitisset,
715 1746 936 1812 corpus
997 1728 1132 1813 ejus
1192 1732 1257 1793 et
1317 1747 1460 1793 cum
1521 1746 1590 1794 eo
1652 1731 1788 1794 tota
1842 1747 2051 1793 rerum
2110 1731 2333 1793 natura
2395 1746 2646 1795 consors

197 1823 367 1891 facta
409 1827 653 1893 fuisset
694 1828 926 1913 gloriae
967 1828 1367 1895 immortalis.
1453 1827 1578 1893 Ast
1638 1829 1825 1894 homo
1886 1827 2137 1893 rebellis
2181 1828 2383 1893 factus
2440 1830 2537 1893 est
2580 1829 2645 1894 in

200 1924 404 1991 Deum
454 1948 576 2012 per
620 1929 967 2011 peccatum,
1014 1932 1078 1994 et
1119 1930 1211 1994 ita
1253 1928 1712 1993 dissidium
1756 1929 1854 1993 est
1896 1931 2104 1993 ortum
2148 1928 2310 1994 inter
2353 1928 2643 2011 spiritum

199 2024 476 2110 hominis
553 2030 811 2113 ejusque
896 2048 1118 2113 corpus
1186 2033 1249 2094 et
1313 2047 1520 2093 rerum
1587 2030 1897 2093 naturam.
2005 2026 2239 2111 Corpus
2306 2030 2371 2092 et
2435 2047 2643 2093 rerum

208 2127 435 2193 natura
482 2130 764 2196 dominio
807 2130 1064 2214 spiritus
1123 2130 1420 2195 nolebant
1477 2128 1749 2211 amplius
1808 2128 2052 2211 subjici,
2115 2128 2226 2193 sed
2280 2146 2426 2193 suas
2470 2129 2648 2193 ibant

202 2224 334 2291 vias
355 2276 372 2306 ,
445 2233 520 2295 et
588 2248 733 2295 cum
797 2234 1007 2295 essent
1081 2228 1409 2311 destinata,
1471 2231 1544 2293 ut
1600 2228 2045 2312 participarent
2098 2228 2644 2295 immortalitatem

205 2327 482 2409 spiritus,
554 2331 739 2395 morti
782 2332 845 2394 et
887 2331 1260 2414 corruptioni
1317 2330 1578 2395 obnoxia
1638 2332 1984 2396 evaserunt.
2074 2329 2379 2395 Attamen
2422 2348 2643 2412 corpus

208 2426 268 2489 et
305 2446 528 2494 rerum
573 2433 796 2496 natura
837 2429 902 2495 in
949 2450 1016 2495 se
1059 2432 1286 2514 gerunt
1344 2449 1602 2514 germen
1659 2430 2155 2495 immortalitatis
2218 2431 2281 2495 et
2337 2430 2643 2515 glorifica-

209 2526 411 2608 tionis,
460 2533 534 2595 et
575 2530 820 2613 quando
862 2532 928 2595 in
969 2548 1193 2615 genere
1235 2531 1511 2596 humano
1555 2530 1898 2614 redemptio
1960 2529 2304 2596 seeundum
2351 2530 2643 2613 spiritum

215 2629 775 2710 consummabitur,
813 2631 970 2695 illud
1012 2628 1366 2695 immortale
1402 2630 1867 2715 glorificationis
1895 2628 2361 2716 (renovationis)
2386 2648 2644 2715 germen

215 2728 288 2792 ad
331 2732 776 2797 maturitatem
818 2731 1149 2814 perveniet.
1240 2732 1445 2796 Homo
1505 2729 1697 2815 igitur
1761 2734 1874 2810 est,
1934 2732 2041 2815 qui
2102 2750 2310 2796 rerum
2353 2734 2644 2797 naturam

215 2826 301 2893 illi
363 2833 752 2915 corruptioni
817 2831 1180 2916 subjecerat.
1289 2830 1411 2897 Sed
1486 2822 1641 2895 haec
1719 2830 2018 2915 subjectio
2082 2847 2235 2894 non
2320 2831 2400 2895 in
2465 2850 2507 2913 p
2528 2849 2642 2894 er-

217 2932 544 3009 petuum
611 2932 899 3011 durabit3
955 2951 1107 2997 nam
1164 2931 1333 2997 facta
1376 2932 1474 2996 est
1516 2934 1744 2996 certa
1807 2950 1947 3015 spe
2011 2930 2414 3008 liberationiS‚
2483 2948 2643 3013 quae

219 3033 536 3119 continget
577 3034 642 3099 in
684 3034 1019 3099 universali
1060 3032 1523 3098 resurrectione.
1568 3068 1657 3081 —-
1696 3032 1904 3098 Verba
1958 3030 2045 3093 ἐπ’
2094 3032 2282 3094 ἐλπίδι
2327 3031 2645 3115 pertinent

219 3130 292 3193 ad
333 3130 610 3216 ὑπετάγη,
673 3151 798 3199 non
857 3134 1068 3200 autem
1125 3135 1205 3199 ad
1264 3131 1658 3212 ύποταξοὶντα,
1720 3133 1976 3216 ideoque
2036 3133 2221 3199 verba
2274 3130 2645 3197 intermedia

222 3234 811 3310 parenthetice
852 3233 1138 3318 legenda.

411 3336 490 3401 V.
536 3338 640 3401 21.
685 3336 912 3415 „Fore,
973 3344 1043 3398 ut
1099 3344 1156 3399 et
1213 3336 1355 3421 {psa
1412 3342 1699 3398 creatrera
1753 3332 2039 3397 liberetur
2101 3355 2145 3396 a
2197 3332 2478 3396 servitute
2518 3353 2644 3429 cor-

223 3435 522 3517 mptionis
581 3438 652 3501 in
715 3434 1050 3501 libertatem
1111 3434 1348 3521 yloriae
1407 3434 1737 3499 liberorum
1794 3435 1981 3499 1222·ss
2040 3470 2117 3481 ——
2177 3438 2275 3498 καὶ
2336 3432 2503 3517 αὐτή,
2565 3438 2647 3499 et

222 3529 297 3613 ip
313 3552 343 3599 s
359 3554 428 3617 a,
495 3536 796 3603 nimirum
837 3537 948 3616 ita,
1008 3536 1101 3601 uti
1145 3536 1325 3601 liberi
1369 3535 1532 3621 (filii)
1578 3536 1712 3601 Dei.
1802 3536 1955 3601 Inde
2012 3538 2191 3619 patet
2246 3535 2491 3601 falsitas
2546 3554 2645 3599 ex-

225 3634 568 3715 positionis,
615 3636 721 3719 qui
764 3656 820 3701 v.
870 3638 966 3702 19.
1022 3655 1131 3721 per
1175 3655 1392 3702 vocem
1434 3641 1618 3709 κτίσις
1677 3638 2092 3702 hominem
2136 3638 2516 3721 intelligunt.
2568 3672 2641 3683 -

224 3729 296 3797 In
337 3738 573 3803 verbis:
635 3736 757 3800 ἀπὸ
799 3740 903 3819 τῆς
943 3738 1208 3809 δουλείας
1262 3735 1369 3809 τῆς
1429 3740 1680 3820 φθορᾶς
1736 3738 1835 3802 est
1888 3741 1995 3818 τῆς
2047 3742 2294 3819 φθορᾶς
2336 3736 2645 3821 genitivus

228 3838 826 3919 appositionis,
888 3840 1004 3905 hoc
1066 3858 1292 3905 sensu:
1350 3857 1388 3904 a
1444 3839 1757 3918 servitute,
1819 3857 1976 3922 quae
2036 3838 2325 3905 consistit
2384 3838 2450 3922 in
2510 3854 2643 3903 cor?

227 3938 516 4017 ruptione.
607 3939 843 4006 Rerum
883 3938 1107 4006 natura
1151 3940 1437 4005 continuo
1498 3957 1607 4022 per
1650 3957 1747 4004 res
1793 3938 2069 4022 (formas,
2133 3936 2443 4021 Gebilde),
2490 3953 2643 4018 quas

230 4038 540 4118 producit,
615 4040 695 4104 ad
767 4040 1022 4106 istam
1086 4040 1575 4105 libertatem
1644 4039 2009 4123 aspirat,
2072 4038 2183 4103 sed
2246 4055 2459 4102 omnes
2525 4054 2644 4115 reS,

231 4149 372 4213 quas
414 4138 718 4222 producit,
762 4140 989 4206 iterum
1033 4141 1238 4220 morti,
1295 4139 1669 4223 corruptioni
1712 4139 2006 4205 obnoxiae
2052 4138 2237 4215 sunt;
2304 4137 2454 4201 dum
2500 4153 2644 4219 ergo

231 4229 453 4304 frustra
495 4258 581 4304 ex
627 4258 658 4305 s
678 4258 712 4305 e
755 4240 823 4305 id
882 4241 1158 4307 nancisci
1221 4240 1448 4317 studet,
1516 4240 1681 4323 quod
1738 4239 1940 4305 solum
1981 4239 2047 4303 in
2091 4238 2315 4321 spiritu
2370 4236 2644 4327 hominis

231 4328 492 4404 invenire
537 4342 777 4423 potest,
833 4341 898 4407 id
957 4340 1151 4406 efficit
1207 4340 1340 4424 ejus
1415 4358 1542 4406 ser
1559 4340 1949 4417 vitutem3
2010 4339 2161 4403 dum
2224 4354 2364 4402 vero
2421 4336 2644 4419 inge-

235 4436 372 4503 mis
396 4439 515 4505 cit
572 4442 635 4505 et
697 4441 784 4505 de
799 4441 928 4506 sid
949 4460 981 4505 e
999 4460 1030 4505 r
1049 4444 1167 4521 at,
1227 4441 1519 4522 ostendit,
1585 4440 2004 4507 conditionem
2062 4437 2199 4522 ejus
2257 4436 2643 4604 pra9egentem
