3234 4992
431 255 514 318 14
1475 251 1589 303 cap.
1619 251 1659 292 1.
1686 263 1731 292 v.
1756 253 1797 295 1.

427 436 771 517 consilium,
817 436 1146 521 epistolam
1189 455 1366 504 suam
1406 438 1683 506 finiendi.
1736 437 1803 504 Si
1845 438 2101 504 tandem
2142 438 2275 502 tam
2321 437 2555 503 multos
2600 455 2643 501 n
2660 455 2695 502 o
2721 437 2852 502 mi-

427 537 690 604 natim
734 538 997 618 salutat,
1061 539 1128 603 id
1169 538 1352 605 facile
1395 539 1536 605 inde
1603 540 1963 624 explicatur,
2033 538 2176 622 quia
2224 555 2327 604 eos
2370 538 2438 605 in
2482 537 2541 604 A
2564 557 2593 604 s
2612 538 2635 603 i
2656 557 2693 605 a
2736 541 2850 604 aut

426 639 491 704 in
547 639 604 706 G
625 660 656 705 r
677 660 715 706 a
736 659 769 706 e
793 640 931 706 cia
993 640 1183 726 (unde
1247 641 1514 708 Romam
1580 641 1837 726 profecti
1896 640 2071 726 sunt)
2136 657 2502 726 cognoscere
2569 643 2851 725 poterat3

425 743 490 807 ni
520 741 820 823 dicamus,
844 742 1054 827 plures
1075 743 1130 808 ei
1154 743 1539 810 innotescere
1562 743 1841 829 potuisse
1861 743 2127 810 aliorum
2170 741 2774 809 narrationibus,
2802 741 2851 826 ¹)

423 1178 766 1295 Sentio
829 1181 890 1295 Ι.
953 1179 1520 1295 theoretica
1579 1179 2240 1324 (dogmatica)
2303 1206 2368 1292 a
2431 1206 2517 1294 c.
2575 1176 2844 1291 Ι-ΙΙ,

1415 1425 1696 1502 Pars
1750 1426 1846 1503 Ι.

477 1585 577 1666 ne
621 1586 940 1688 justitia
990 1609 1082 1666 ex
1132 1585 1286 1667 side
1336 1588 1410 1668 in
1461 1537 1729 1670 sesam
1782 1587 2169 1670 christum
2222 1588 2313 1691 (1,
2367 1588 2476 1668 1-
2508 1590 2574 1686 5,
2625 1587 2791 1689 21.).

1455 1789 1701 1893 caput
1754 1791 1799 1871 Ι.

630 1941 1296 2026 Argumentum.
1385 1943 1741 2008 Praemisso
1806 1940 2545 2026 exordio,(1—l7.),
2613 1940 2679 2006 in
2723 1959 2845 2024 quo

421 2042 738 2124 apostolus
802 2041 1147 2126 praemissa
1211 2043 1753 2109 dedicatione
1821 2046 1884 2108 et
1950 2042 2472 2108 salutatione
2541 2042 2845 2108 consueta

422 2141 687 2228 (1—7.)‚
753 2145 885 2210 Deo
928 2143 1250 2228 gratias
1301 2145 1479 2228 agit
1520 2162 1632 2227 pro
1673 2144 1795 2209 fide
1838 2144 2140 2209 lectorum
2183 2144 2245 2208 et
2288 2161 2589 2227 magnum
2658 2161 2843 2208 suum

421 2260 525 2308 eos
590 2244 840 2310 videndi
905 2245 1003 2310 de
1027 2244 1469 2309 siderium
1538 2244 1899 2310 manifestat
1957 2244 2257 2328 (8-15.),
2327 2245 2529 2329 aperit
2593 2245 2659 2332 in
2716 2245 2842 2310 fine

416 2343 603 2427 hujus
648 2344 874 2411 exordii
919 2343 1047 2429 (16.
1095 2345 1223 2429 17.)
1268 2346 1669 2429 praecipuum
1713 2345 1897 2429 hujus
1941 2345 2233 2429 epistolae
2276 2345 2527 2426 thema,
2596 2345 2841 2412 dicens:

417 2445 938 2528 evangelium
983 2463 1160 2510 esse
1202 2445 1612 2513 virtutem
1656 2447 1805 2512 Dei
1848 2446 1943 2512 ad
1987 2447 2337 2512 salutem
2397 2447 2617 2511 omni
2683 2465 2843 2512 cre-

417 2544 686 2624 denti,
753 2544 1066 2613 Judaeo
1111 2549 1189 2611 et
1234 2546 1606 2626 ethnico,
1672 2547 1813 2630 quia
1876 2549 1941 2613 in
1988 2565 2056 2613 eo
2102 2547 2539 2612 manifestatur
2580 2547 2715 2612 via
2759 2547 2839 2612 ad

414 2644 703 2727 salutem,
775 2646 1071 2711 nimirum
1112 2666 1223 2731 per
1263 2648 1474 2728 fidem,
1543 2665 1700 2732 quae
1736 2647 1984 2732 justitia
2029 2667 2100 2714 ex
2142 2648 2263 2712 fide
2308 2646 2387 2712 ab
2456 2647 2729 2713 omnib
2749 2667 2840 2712 us

415 2747 763 2828 quaerenda
785 2747 900 2826 est,
927 2748 1072 2831 quia
1093 2766 1308 2814 omnes
1329 2747 1636 2828 homines,
1661 2752 1796 2815 tam
1837 2748 2232 2834 gentiles,
2281 2765 2468 2832 quam
2504 2748 2550 2814 J
2564 2748 2837 2826 udaei,

413 2846 560 2910 sunt
601 2846 800 2931 impii,
865 2848 1102 2931 injusti,
1169 2849 1521 2932 peccatores
1564 2849 1742 2934 (18.).
1833 2850 1907 2916 Id
1950 2849 2171 2934 probat
2211 2849 2484 2932 primum
2529 2849 2607 2914 de
2647 2867 2835 2932 gen-

413 2947 749 3014 tilibus
814 2948 1160 3034 (le—32),
1228 2952 1333 3036 qui
1397 2951 1818 3036 cognitionem
1884 2951 2002 3016 Dei
2067 2969 2100 3015 e
2166 2948 2398 3014 mundo
2464 2951 2669 3014 creato
2742 2949 2836 3013 eis

412 3049 749 3116 revelatam
823 3051 1067 3134 propria
1142 3052 1325 3136 culpa
1400 3053 1739 3118 amiserunt
1804 3053 1987 3137 atque
2054 3051 2199 3117 hinc
2265 3049 2330 3114 in
2396 3048 2833 3133 turpissimam

415 3148 832 3217 idololatriam
879 3152 944 3218 et
986 3170 1127 3218 mox
1168 3153 1237 3218 in
1279 3153 1404 3218 alia
1445 3153 1680 3219 nefaria
1724 3154 1954 3220 scelera
1996 3151 2233 3235 delapsi
2280 3150 2443 3216 sunt.

618 3251 694 3320 V.
745 3253 799 3318 1.
868 3253 1172 3336 „Paulus,
1214 3276 1421 3321 servas
1461 3256 1616 3322 Jesu
1667 3255 1995 3322 cbristiss·
2044 3253 2275 3332 Causa,
2343 3270 2450 3317 cur
2514 3252 2835 3335 apostolus

414 3351 664 3418 nomine
706 3354 1008 3421 Paulus
1052 3359 1116 3420 et
1158 3376 1282 3423 non
1327 3356 1629 3424 Saulus
1673 3360 1904 3436 utatur,
1972 3355 2092 3422 sita
2135 3359 2233 3420 est
2273 3355 2342 3421 in
2386 3353 2835 3418 consuetudine

385 3451 817 3536 ·Judaeorum,
887 3459 993 3541 qui
1035 3458 1199 3522 inter
1243 3457 1512 3525 Graecos
1565 3459 1999 3542 Romanosque
2067 3460 2410 3536 versanteS,
2474 3454 2835 3520 nominibus

416 3552 462 3618 J
465 3554 700 3621 udaieis
761 3558 860 3623 vel
901 3577 1151 3641 prorsus
1194 3559 1528 3639 abstinere,
1589 3560 1690 3626 vel
1736 3560 1960 3627 saltem
2006 3578 2078 3624 ea
2121 3557 2451 3643 aliquando
2496 3556 2834 3623 immutare

413 3653 713 3735 solebant,
761 3660 824 3722 et
864 3677 1122 3743 graecae
1165 3677 1580 3746 romanaeque
1622 3662 1871 3746 linguae
1916 3659 2403 3727 conformabant.
2492 3659 2833 3743 Apostolus

412 3756 620 3821 noster
662 3758 813 3838 scil.,
879 3763 951 3824 ut
992 3761 1288 3844 permulti
1352 3765 1606 3847 putant,
1668 3763 1802 3847 jam
1848 3780 1886 3828 a
1928 3762 2249 3828 nativitate
2313 3778 2427 3828 sua
2489 3762 2831 3843 utrumque

411 3856 637 3925 habuit
688 3877 933 3927 nomen.
979 3862 1292 3945 Quamdiu
1335 3865 1524 3950 igitur
1559 3864 1723 3931 inter
1743 3864 1789 3930 J
1791 3865 2018 3930 udaeos
2061 3863 2229 3942 vixit,
2274 3880 2426 3926 usus
2453 3864 2553 3926 est
2574 3861 2828 3926 nomine

413 3956 738 4041 Saulus3
805 3963 1268 4048 quamprimum
1335 3968 1548 4031 autem
1613 3966 1837 4030 itinera
1899 3965 2062 4029 inter
2126 3962 2392 4048 gentiles
2448 3963 2828 4046 susceperat,

412 4059 699 4129 adhibuit
762 4084 884 4149 qua
948 4065 1100 4132 civis
1163 4084 1458 4133 romanus
1526 4084 1751 4132 nomen
1816 4084 1998 4131 suum
2062 4081 2419 4130 romanum:
2487 4064 2540 4128 P
2565 4082 2602 4129 a
2623 4064 2713 4129 ul
2736 4085 2776 4129 u
2802 4085 2834 4130 s

414 4161 826 4242 (contractum
871 4186 942 4231 ex
983 4183 1162 4233 voce:
1206 4167 1631 4251 parvulus,
1678 4168 1756 4232 ad
1800 4184 1988 4251 quam
2015 4164 2282 4231 nominis
2308 4165 2845 4250 significationem.

410 4259 534 4328 fors
577 4266 800 4332 alludit
843 4267 1046 4334 verbis
1107 4266 1190 4352 (1.
1241 4267 1375 4334 Gor.
1424 4267 1523 4348 15,
1569 4267 1689 4352 9.):
1756 4266 2137 4336 minimus
2200 4266 2828 4352 apostolorum).

625 4482 659 4552 ¹)
693 4481 775 4537 Cf.
813 4483 1082 4539 Guntneri
1117 4483 1459 4540 Introductio
1493 4484 1552 4538 in
1587 4499 1657 4539 ss.
1693 4483 1763 4539 N.
1798 4484 1864 4540 Τ.
1902 4484 2093 4554 libros,
2125 4499 2246 4555 pag.
2282 4485 2400 4540 279.
