3234 4992
1241 227 1352 284 0⁸1).
1378 229 1502 272 vm.
1525 239 1574 272 v.
1598 229 1666 270 2⁹.
2544 232 2663 299 13⁷

221 417 356 501 (seu
417 415 790 481 misericors
849 414 966 480 Dei
1025 413 1372 498 voluntas),
1436 432 1554 497 quo
1616 412 1694 478 ab
1754 416 2001 480 aeterno
2063 413 2318 494 statuit,
2383 414 2662 482 hemines

222 519 482 600 peccato
544 516 857 599 perditoS,
925 534 996 580 ex
1054 534 1221 580 mera
1281 534 1394 580 sua
1449 514 1728 580 bonitate
1790 518 1853 579 et
1912 516 2278 595 clementia,
2342 516 2474 583 sine
2534 519 2658 583 111111

221 634 436 682 eorum
485 615 726 681 merito
771 618 877 681 aut
915 616 1084 699 jure,
1150 633 1368 681 vocare
1413 616 1492 680 ad
1538 615 1893 698 gratiam
1950 616 2391 700 evangelii,
2438 635 2542 681 8811
2586 619 2662 683 ad

222 717 480 783 fidem
546 716 1098 782 christianam
1160 720 1223 780 et
1266 716 1344 781 ad
1389 715 1596 781 bona
1639 715 1718 781 N.
1744 716 1836 795 T„
1884 716 2251 782 nominatim
2296 718 2373 783 ad
2426 719 2662 799 jusii-

222 817 773 894 ficationem3
837 815 1000 898 quod
1065 816 1376 881 decretum
1442 818 1762 881 aeternum
1829 816 1893 881 in
1950 818 2228 899 tempore
2294 819 2660 899 exsequitur.

429 918 513 983 V.
556 918 671 983 29.
704 916 919 997 „Quia
957 938 1105 1002 quos
1119 917 1497 1002 praescivit,
1543 917 1726 980 etiam
1758 916 2283 1002 praedestinavit,
2327 919 2666 1003 confsi-mss

209 1018 355 1101 ficri
395 1018 681 1103 imaqini
724 1016 881 1081 Filii
921 1018 1081 1081 swif‘
1143 1017 1346 1083 Versu
1389 1019 1503 1082 1100
1547 1021 1609 1081 et
1656 1018 1938 1101 sequenti
1980 1036 2307 1085 causam
2355 1019 2494 1095 dat,
2558 1039 2662 1083 eur

227 1120 663 1202 diligentibus
692 1119 895 1184 Deum
941 1118 1152 1184 omnia
1194 1120 1595 1200 cooperentur
1640 1119 1718 1184 ad
1764 1120 2049 1198 salutem,
2110 1119 2270 1204 quia,
2334 1138 2522 1202 quun]
2570 1123 2658 1183 eis

225 1219 431 1284 omnia
456 1220 730 1285 adversa
769 1238 890 1285 non
915 1220 991 1284 fo
1009 1219 1267 1283 rtuito
1291 1221 1354 1282 et
1379 1219 1609 1302 absque
1645 1220 1787 1283 Dei
1830 1237 1913 1285 co
1931 1220 2182 1284 nsilio
2206 1220 2502 1299 accidant,
2554 1223 2662 1283 illa

229 1320 463 1385 eisdem
479 1321 739 1385 nonnisi
763 1320 1140 1386 adminicula
1163 1339 1192 1385 s
1208 1319 1402 1384 aluti
1417 1337 1446 1383 s
1472 1337 1608 1383 esse
1630 1322 1939 1403 poterunt,
1965 1339 2150 1403 quam
2170 1321 2454 1396 salutem,
2482 1319 2546 1383 in
2570 1323 2658 1383 eis

224 1420 611 1504 incoeptam,
631 1421 821 1486 etiam
839 1420 1137 1504 perficiet3
1166 1438 1313 1484 nam
1335 1420 1401 1483 hi
1430 1420 1704 1499 suntilli,
1738 1437 1934 1503 quos
1955 1421 2169 1485 Deus
2200 1439 2442 1503 praes
2466 1423 2666 1487 sivit

230 1525 336 1585 etc.
387 1557 471 1569 --
519 1522 993 1605 Praepositione
1051 1518 1202 1601 πρό,
1264 1538 1420 1603 quae
1463 1539 1572 1603 per
1624 1538 1691 1585 se
1733 1522 1939 1585 notat:
2005 1524 2228 1601 ante,
2296 1522 2361 1586 in
2402 1527 2658 1603 utreque

227 1622 437 1687 verbo:
489 1624 766 1707 προέγνω
812 1627 873 1688 et
917 1620 1211 1705 προώρισε
1253 1620 1579 1703 respicitur
1622 1619 1701 1685 ad
1746 1621 2345 1686 aeternitatem
2392 1623 2474 1707 (1.
2526 1623 2658 1687 Cur.

231 1721 286 1800 2,
331 1723 386 1787 7.
433 1724 677 1807 Ephes.
725 1726 780 1802 1,
826 1724 888 1788 4.
936 1726 989 1788 1.
1016 1724 1180 1787 Petr.
1210 1724 1266 1801 1,
1312 1722 1459 1806 20).
1511 1759 1584 1768 —
1631 1723 1891 1804 προέγνω
1927 1721 1991 1806 (a
2034 1722 2446 1807 προγινω’σκω]
2494 1727 2658 1787 varis

235 1822 589 1905 explicatur.
660 1825 782 1905 Illi,
844 1825 947 1908 qui
1008 1824 1471 1889 absolutam
1527 1822 2154 1905 praedestinationem
2205 1824 2285 1889 ad
2326 1825 2658 1908 glai-iam

241 1921 301 2005 (i.
349 1938 402 1987 e.
447 1924 1090 2007 praedestinationem
1150 1923 1228 1988 ad
1287 1923 1551 2006 gloriam
1615 1941 1653 1987 a
1676 1923 1769 1987 nt
1789 1943 1821 1987 0
1880 1925 2165 2006 praevisa
2225 1926 2470 2011 merita)
2514 1943 2658 2007 prn-

238 2026 536 2106 pugnant,
587 2026 846 2091 verbum
890 2026 1007 2091 hoc
1053 2027 1309 2089 sumunt
1353 2022 1733 2107 significatu:
1792 2027 1987 2089 ante
2032 2026 2381 2109 eligere,
2442 2043 2538 2091 au
2566 2027 2594 2087 t
2626 2047 2654 2091 0

242 2122 608 2208 diligere
676 2124 1156 2210 (praediligere).
1247 2123 1368 2189 Sed
1430 2123 1499 2188 in
1556 2124 1845 2189 omnibus
1907 2125 2060 2189 locis
2119 2125 2297 2205 istis,
2365 2127 2442 2191 ad
2502 2147 2654 2207 quae

240 2228 570 2305 provocant
632 2227 835 2311 (Rom.
885 2227 1003 2305 11,
1067 2227 1131 2290 2.
1175 2226 1231 2289 1.
1277 2225 1446 2288 Petr.
1493 2225 1564 2302 1,
1627 2224 1685 2287 2.
1733 2225 1835 2290 20.
1881 2225 2027 2295 Act.
2071 2227 2148 2306 2,
2206 2226 2339 2311 23.)
2397 2227 2658 2291 verbum

240 2323 622 2405 προγινωσκω
675 2326 738 2390 et
801 2326 1265 2392 substantivum
1323 2322 1680 2406 πρόγνωσις,
1751 2325 2127 2392 ordinarium
2186 2327 2376 2392 habet
2418 2327 2654 2411 signifi-

245 2426 478 2491 catum:
547 2427 966 2510 praescio,
1033 2424 1647 2511 praescientia3
1709 2426 1871 2491 sicut
1929 2428 2119 2492 etiam
2176 2426 2241 2492 in
2306 2426 2442 2492 aliis
2506 2427 2658 2491 locis

245 2521 320 2606 (1.
378 2524 511 2592 Cor.
575 2530 647 2606 8,
704 2528 762 2592 3.
831 2526 966 2594 Gal.
1025 2528 1097 2607 4,
1158 2528 1219 2592 9.
1283 2527 1341 2592 2.
1400 2526 1559 2592 Τ1111.
1619 2526 1693 2605 2,
1754 2528 1883 2612 19.)
1950 2528 2333 2611 simplex
2396 2527 2654 2591 verbum

250 2623 527 2703 γινώσκειν
561 2619 803 2693 nullam
838 2628 1024 2694 aliam
1061 2628 1253 2693 habet
1283 2627 1823 2710 significationem,
1865 2646 2085 2712 quam:
2132 2628 2374 2708 scire,
2418 2631 2658 2695 intel-

249 2724 516 2810 ligere.
612 2729 903 2794 Tenenda
968 2732 1066 2793 est
1129 2728 1321 2811 igitur
1385 2727 1693 2792 ordinaria
1758 2729 1928 2794 verbi
1989 2728 2176 2812 hnjus
2246 2730 2654 2812 significatis:

254 2831 652 2909 praescio,
699 2830 884 2896 ante
927 2846 1351 2913 cognosco.
1441 2829 1610 2892 Dum
1655 2846 1799 2913 ergo
1843 2829 2155 2912 apostolus
2209 2830 2392 2893 dicit:
2458 2847 2654 2911 ques

253 2930 727 3010 praescivit,
771 2931 908 2995 vult
952 2930 1184 2994 dicere:
1231 2927 1399 3008 Quos
1445 2929 1614 2993 Deus
1662 2929 1739 2993 ab
1784 2932 2027 2994 aeterno
2071 2928 2397 3013 praescivit
2434 2931 2502 2995 ut
2546 2947 2654 2995 vc—

258 3030 434 3111 catos‚
479 3032 518 3097 i.
569 3052 621 3097 e.
666 3032 860 3110 taleS,
925 3030 1029 3113 qui
1072 3029 1320 3095 vocanti
1363 3031 1570 3094 essent
1614 3029 2097 3112 obtemperaturi
2151 3047 2410 3112 eumque
2458 3031 2650 3095 dilec-

254 3127 378 3193 turi.
425 3167 508 3180 —-
553 3132 859 3214 „Etiam
905 3128 1201 3216 praede
1225 3131 1660 3207 stinavit“;
1703 3131 1741 3195 i.
1787 3150 1841 3196 e.
1884 3131 1999 3195 hos
2044 3127 2335 3213 (τούτους,
2379 3131 2538 3215 quad
2586 3151 2654 3195 01.

256 3231 630 3299 antecedenti
661 3233 919 3298 relativo
952 3231 1060 3305 οὖς
1096 3231 1508 3315 supplendum
1538 3231 1683 3315 est),
1727 3231 1847 3296 hac
1877 3232 2198 3314 supposita
2226 3231 2650 3313 praeseientia,

256 3328 429 3396 etiam
460 3334 942 3417 praedestinavit
986 3335 1063 3398 ad
1109 3332 1607 3398 conformitatem
1651 3351 1795 3397 cum
1827 3330 2087 3397 Christo.
2103 3332 2151 3415 ¹)
2192 3368 2278 3379 -
2319 3332 2418 3396 Illi
2462 3327 2650 3395 inter-

257 3431 441 3507 pretes
483 3439 726 3513 autem,
787 3435 894 3516 qui
936 3434 1196 3500 verbum
1237 3434 1502 3515 προέγνω
1544 3435 1799 3497 sumunt
1844 3432 2233 3517 significatu:
2303 3435 2474 3499 ante
2522 3435 2650 3499 eli-

257 3545 463 3613 gere,
517 3554 628 3600 seu
670 3538 856 3599 ante
903 3536 1296 3620 diligere,
1360 3535 1550 3599 etiam
1605 3535 1667 3599 11.
1714 3534 1757 3597 l.
1803 3533 2064 3599 verbum
2107 3530 2402 3616 προόρισε
2446 3535 2650 3619 (prae-

259 3626 598 3719 destinavit)
658 3637 968 3720 explicant
1026 3637 1099 3701 de
1163 3655 1200 3700 a
1216 3635 1258 3701 b
1278 3655 1306 3700 s
1327 3654 1361 3700 o
1379 3636 1556 3700 luta
1622 3635 2181 3717 praedestinatione
2248 3637 2327 3702 ad
2383 3639 2646 3720 gloriam

258 3726 450 3810 (ante
507 3737 787 3821 praevisa
840 3736 1105 3821 merita),
1163 3736 1281 3802 hoc
1325 3755 1543 3801 sensu:
1611 3734 1780 3815 Quos
1838 3736 1917 3801 ab
1962 3741 2210 3803 aeterno
2268 3739 2646 3821 praedilexit,

261 3845 356 3895 seu
408 3839 638 3903 amicos
700 3834 920 3921 elegit,
988 3838 1235 3903 eosdem
1296 3838 1488 3903 etiam
1553 3837 2041 3921 praedestinavit
2104 3838 2446 3905 conformes
2514 3839 2646 3899 fieri

261 3926 503 4019 Christo,
549 3940 706 4005 Filio
746 3939 972 4022 ipsius,
1035 3958 1142 4004 8811
1187 3942 1354 4003 certo
1399 3939 1636 4020 fixoque
1696 3940 1937 4005 decreto
1980 3940 2061 4005 ab
2106 3941 2351 4005 aeterno
2406 3939 2642 4012 sta-tuit,

263 4046 353 4097 eos
408 4040 481 4104 ad
542 4039 1034 4105 conformitatem
1094 4058 1236 4105 cum
1293 4039 1450 4104 Filio
1509 4039 1707 4122 ipsius
1770 4040 2097 4123 aliquando
2155 4039 2505 4123 perducere.
2574 4075 2642 4083 -

263 4128 369 4197 Sed
407 4140 659 4206 verbum
701 4139 1000 4222 προαίρισε
1041 4141 1102 4206 11.
1149 4141 1190 4205 l.
1237 4160 1357 4205 non
1401 4159 1535 4205 esse
1577 4141 2054 4225 inteHigendum
2107 4142 2182 4205 de
2228 4139 2646 4224 praedestina-

265 4230 408 4302 tione
463 4242 869 4308 absoluta·
920 4244 1110 4308 ante
1173 4242 1450 4325 praevisa
1494 4243 1751 4321 merita,
1813 4243 1920 4307 sed
1966 4243 2039 4306 de
2100 4239 2646 4325 hypothetisa

457 4457 490 4527 ¹)
525 4458 680 4516 Conf.
714 4458 1002 4515 Franzelin
1038 4460 1236 4552 (Card.)
1272 4460 1508 4535 Tractat,
1545 4460 1610 4516 de
1645 4459 1759 4515 Deo
1794 4474 1901 4514 uno
1937 4475 1989 4548 p.
2027 4458 2127 4513 703
2162 4472 2269 4544 seq,
