3234 4992
1341 220 1454 277 cap.
1483 223 1562 267 vr.
1582 233 1629 266 v.
1656 223 1699 264 e.
2642 216 2722 282 91

266 411 402 495 ejus
462 412 830 495 participes
874 412 1112 477 futuros
1171 428 1320 477 esse.
1385 448 1460 457 -—-
1523 407 1833 491 σύμφυτος
1887 406 1987 491 (ex
2045 403 2149 468 σῦν
2195 406 2258 470 et
2300 399 2505 485 φυτός,
2549 403 2724 485 plan-

266 516 474 589 tatus,
549 514 780 589 satus)
858 517 954 579 est
1018 513 1295 598 proprie:
1365 530 1512 577 una
1576 512 2039 594 plantatuS,
2108 524 2267 573 una
2332 508 2593 582 satuS,
2664 505 2726 567 et

267 612 508 677 dicitur
557 614 644 676 de
695 614 1018 697 plantis
1061 616 1244 697 atque
1290 613 1365 677 de
1407 611 1806 697 cognatis.
1895 608 2314 692 Metaphorice
2356 604 2723 671 transfertur

264 715 345 778 ad
395 731 494 792 ea,
547 732 727 797 quae
797 715 1022 780 arcte
1089 714 1436 780 invicem
1505 713 1695 779 sunt
1758 709 2189 794 conjuncta
2255 706 2503 791 (unita).
2588 702 2723 769 Hoc

266 814 654 897 significatu
705 816 770 880 h.
815 816 856 881 l.
903 816 1150 881 tantum
1215 816 1280 881 in
1322 815 1401 881 N.
1449 815 1517 879 Τ.
1564 814 1812 898 legitur.
1903 810 2288 877 construitur
2348 810 2558 873 autem
2623 804 2722 869 vel

266 934 418 980 cum
467 916 806 995 dative,
867 921 938 981 ut
980 916 1119 994 hic3
1184 918 1284 983 vel
1328 916 1517 981 etiam
1562 934 1708 981 cum
1773 912 2177 998 genitivo,
2243 910 2338 975 uti
2398 910 2463 973 in
2528 908 2721 971 altera

262 1033 484 1081 versus
545 1017 760 1099 parte.
849 1017 1148 1084 Nonnulli
1205 1019 1284 1083 ad
1343 1036 1558 1083 vocem
1616 1015 1909 1099 σύμφυτοι
1969 1015 2257 1098 supplent
2313 1016 2399 1088 τῷ
2454 1010 2721 1089 Χριστῷ,

265 1120 325 1181 0¹³
377 1122 473 1194 τῷ
535 1115 887 1198 ὁμοιώματι
945 1122 1203 1185 sumunt
1244 1119 1317 1184 ut
1372 1118 1649 1184 dativum
1710 1114 2274 1193 instrumenti,
2334 1113 2450 1177 hoc
2508 1128 2721 1175 sensu:

268 1216 335 1282 Si
379 1216 642 1283 Chris
666 1222 755 1284 to
800 1220 1111 1304 conjuncti
1155 1239 1373 1285 sumus
1419 1240 1525 1303 per
1569 1218 2040 1285 similitudinem
2065 1215 2281 1282 mortis
2303 1213 2448 1297 ejus
2498 1209 2715 1276 Stante

266 1318 385 1383 hac
431 1320 866 1403 explicatione
911 1322 1054 1386 dein
1097 1322 1287 1386 etiam
1333 1324 1476 1385 ante
1517 1325 1625 1403 τῆς
1682 1318 2067 1390 ἀναστάσεως
2114 1315 2386 1400 suppleri
2434 1310 2716 1379 deberet:

270 1424 354 1497 τῷ
401 1418 780 1501 ὁμοιώματι.
825 1458 904 1469 --
949 1423 1077 1489 Alii
1120 1424 1347 1487 iterum
1391 1420 1689 1504 σύμφυτοι
1747 1422 2117 1487 connectunt
2174 1436 2319 1483 cum
2374 1411 2719 1495 ὁμοιώματι,

273 1521 389 1585 hoc
436 1542 681 1589 sensu:
773 1522 839 1589 Si
883 1524 1192 1607 conjuncti
1237 1543 1456 1590 sumus
1517 1522 2053 1590 similitudini
2098 1519 2313 1585 mortis
2357 1518 2508 1601 ejus.
2596 1514 2719 1580 Sed

276 1640 502 1689 sensus
551 1625 669 1689 hic
716 1624 881 1689 haud
927 1628 1108 1708 aptus
1149 1625 1407 1691 videtur.
1460 1663 1533 1673 —
1579 1624 1991 1691 Praeferenda
2034 1625 2131 1687 est
2159 1619 2481 1705 explicatio
2506 1634 2716 1681 eorum

278 1721 518 1808 (Estii),
571 1727 691 1808 qui
736 1724 1034 1808 σύμφυτοι
1078 1728 1454 1794 connectunt
1499 1747 1645 1793 cum
1687 1744 1833 1792 voce
1900 1722 2192 1799 θανάτου,
2252 1722 2341 1786 ita
2382 1724 2455 1785 ut
2498 1736 2717 1783 sensus

288 1824 408 1899 sit:
481 1825 554 1891 Si
604 1828 782 1893 enim
827 1847 996 1894 more
1044 1830 1447 1908 surculorum,
1514 1829 1621 1912 qui
1688 1828 1890 1894 arbori
1957 1828 2306 1892 inseruntur
2348 1824 2534 1905 atque
2578 1818 2719 1884 inde

286 1944 552 1991 succum
578 1929 864 2008 trahunt,
908 1930 1080 1994 insiti
1103 1949 1320 1995 sumus
1367 1930 1596 1995 morti
1648 1924 1897 2007 Christi,
1943 1927 2215 2012 profecto
2238 1924 2429 1990 etiam
2472 1940 2717 1988 resur-

279 2028 694 2094 rectionis
741 2030 973 2095 Christi
1016 2031 1346 2114 participes
1391 2032 1622 2096 erimus
1668 2034 1731 2095 et
1775 2049 1911 2095 esse
1971 2029 2305 2101 debemus;
2372 2043 2514 2089 seu
2580 2022 2719 2087 aliis

280 2127 525 2195 verbis:
577 2130 649 2195 Si
694 2130 760 2195 in
803 2131 1136 2215 baptism0‚
1183 2132 1373 2197 simili
1397 2134 1581 2198 modo
1612 2132 1707 2198 uti
1732 2130 2036 2219 Christus,
2082 2127 2421 2193 secundum
2444 2127 2718 2189 veterem

288 2226 619 2295 hominem
667 2233 896 2297 mortui
941 2251 1175 2315 sumus,
1223 2233 1412 2298 etiam
1458 2252 1600 2299 cum
1628 2251 1697 2299 eo
1723 2236 1795 2298 ut
1820 2232 1960 2297 novi
2001 2230 2285 2295 homines
2318 2242 2717 2310 resurgemus

287 2331 347 2390 et
411 2348 754 2415 resurgere
821 2333 1120 2399 debemus
1147 2383 1161 2412 ,
1232 2335 1360 2400 scil.
1431 2335 1510 2399 ad
1573 2352 1799 2399 novam
1865 2333 2056 2399 vitam
2128 2329 2496 2397 sanctitatis,
2585 2324 2719 2390 Vox

286 2424 626 2504 ἀνάστασις
689 2434 768 2499 ob
813 2437 1168 2500 contextum
1230 2436 1310 2518 (v.
1368 2435 1477 2517 4.)‚
1539 2435 1682 2517 quia
1724 2451 1925 2500 sermo
1979 2436 2074 2499 est
2117 2433 2193 2498 de
2238 2431 2435 2497 morte
2480 2426 2717 2512 spiri-

284 2531 512 2599 tuali
559 2535 733 2619 (coll.
779 2555 837 2600 v.
884 2536 990 2619 8.),
1036 2536 1299 2620 intelligi
1344 2537 1529 2601 debet
1586 2537 1661 2601 de
1726 2535 2167 2601 resurrectione
2234 2527 2715 2617 spirituali,

292 2629 367 2695 ad
409 2632 621 2700 -vitam
669 2638 970 2714 sanctam,
1017 2636 1268 2719 gratiae.
1317 2674 1402 2683 —
1445 2637 1505 2702 S.
1549 2639 1865 2720 apostolus
1892 2636 2075 2701 dicit:
2123 2630 2715 2707 similitudine,

290 2731 434 2810 quia
477 2753 600 2801 nos
645 2737 714 2802 in
776 2738 1092 2820 baptismo
1160 2739 1728 2821 spiritualiter
1791 2737 2103 2823 (mystice)
2170 2735 2499 2813 morimur,
2568 2733 2715 2796 dum

297 2828 588 2903 Christus
636 2838 1165 2922 corporaliter
1209 2840 1488 2905 mortuus
1531 2843 1659 2917 est3
1704 2840 1848 2904 hinc
1891 2857 2056 2904 mors
2100 2840 2313 2901 nostra
2351 2833 2530 2899 morti
2580 2833 2713 2915 ejus

290 2932 689 3004 solummodo
736 2939 1074 3020 similis,
1141 2959 1263 3007 non
1307 2959 1448 3007 vero
1513 2959 1763 3024 prorsus
1832 2938 2106 3023 aequalis
2166 2937 2311 3001 erat.
2400 2934 2714 2999 Futurum

292 3033 572 3116 ἐσομεθα,
635 3040 966 3121 erimuS,
1026 3059 1148 3107 non
1210 3045 1455 3108 tantum
1514 3042 1803 3126 exprimit
1866 3045 2113 3123 tempus
2159 3039 2556 3112 futurum,
2604 3034 2712 3097 sed

293 3133 476 3202 simul
521 3140 802 3206 continet
863 3143 1553 3224 exhortationem,
1614 3147 1686 3208 ut
1742 3143 2132 3219 studeamus,
2192 3136 2521 3222 participes
2578 3133 2711 3198 fieri

293 3242 752 3307 resurrectionis
799 3242 1042 3309 Christi.

493 3341 574 3407 V.
623 3343 681 3407 6.
727 3344 904 3422 „Hoc
947 3345 1211 3424 scientoe,
1274 3354 1524 3408 veterem
1583 3353 1855 3407 nostrum
1911 3342 2203 3406 hominem
2264 3344 2526 3453 cum*
2595 3358 2715 3401 esse

296 3440 713 3524 crucffioewn‘fi
800 3446 988 3511 Hisce
1051 3447 1523 3525 confirmat,
1584 3446 1749 3528 quod
1814 3445 1995 3510 modo
2066 3443 2331 3521 dixerat,
2398 3441 2525 3506 scil.
2596 3457 2708 3505 nos

303 3538 547 3609 studere
616 3546 836 3613 debere
862 3596 877 3626 ,
944 3548 1276 3632 participes
1343 3548 1475 3614 fieri
1539 3545 2009 3612 resurrectionis
2078 3542 2324 3609 Christi.
2395 3578 2472 3589 --
2541 3542 2655 3606 Ho
2677 3559 2710 3606 c

300 3640 693 3725 scientes,
741 3648 780 3713 i.
808 3668 857 3712 e.
885 3667 1077 3731 quum
1122 3668 1232 3714 nos
1257 3650 1414 3714 scire
1454 3662 1562 3713 seu
1584 3648 1960 3732 perpendere
1985 3646 2282 3732 oporteat.
2334 3683 2415 3693 -
2463 3642 2713 3713 παλαιὸς

301 3734 639 3823 ἅνθρωπος,
696 3750 926 3813 vetus
969 3750 1195 3815 homo
1253 3769 1298 3814 s.
1364 3750 1557 3815 Paulo
1613 3754 1707 3814 est
1772 3750 1957 3815 homo
2020 3751 2209 3815 ante
2277 3749 2471 3832 ipsius
2538 3764 2711 3829 rege-

301 3846 706 3926 nerationem;
755 3868 897 3935 ergo
941 3851 1146 3929 homo,
1193 3852 1391 3934 qualis
1437 3853 1531 3917 est
1573 3871 1683 3935 per
1728 3870 1907 3917 suam
1954 3854 2030 3917 ab
2074 3851 2320 3916 Adamo
2385 3846 2709 3931 originem,

303 3940 586 4013 nimirum
632 3954 964 4033 peccato
1011 3952 1412 4036 originali
1457 3955 1565 4021 aut
1624 3954 1816 4017 etiam
1883 3952 2076 4017 aliis
2137 3948 2501 4034 peccatis
2566 3964 2709 4011 con-

304 4041 656 4130 taminatus,
701 4052 1005 4118 vitiata
1048 4053 1340 4118 natura
1383 4053 1846 4135 praeditus,
1895 4051 2251 4118 dominio
2284 4050 2708 4132 concupis-

307 4150 616 4216 cantiae
663 4152 949 4219 subditus
996 4156 1180 4219 etad
1224 4156 1727 4238 peccandum
1795 4171 2129 4237 pronus3
2194 4154 2341 4219 huic
2386 4151 2707 4235 oppositus

307 4246 396 4311 est
435 4250 618 4319 homo
685 4274 754 4318 ex
801 4254 1060 4333 Christo,
1131 4256 1320 4322 altero
1395 4258 1635 4322 Adamo
1697 4276 1837 4322 ren
1862 4258 2075 4333 atuS‚
2144 4255 2248 4339 qui
2294 4272 2331 4319 a
2398 4274 2447 4318 s,
2516 4255 2709 4320 Paulo

307 4355 550 4418 Vocatur
637 4372 892 4421 novus
983 4357 1211 4423 homno
1310 4358 1541 4440 (καινός
1626 4358 1995 4441 ἅνθρωπος).
2083 4394 2168 4405 -
2253 4356 2707 4440 συνεσταυρώθη

307 4453 563 4539 proprie:
633 4456 1244 4529 concrucifixus
1302 4465 1458 4540 est,
1533 4461 1570 4525 i.
1618 4480 1671 4526 e.
1717 4478 1841 4531 una
1884 4478 2027 4527 cum
2074 4458 2316 4527 Christo
2381 4460 2701 4532 crucifixus

2674 4852 2749 4931 ...fl
