3234 4992
1222 285 1329 340 esp.
1359 288 1420 329 n.
1448 296 1492 328 v.
1518 286 1636 326 e-e.
2560 287 2641 358 37

222 474 356 558 jud
382 474 576 555 icii,
651 475 791 557 quia
833 476 1042 558 palam
1088 474 1472 540 exercebitur
1516 475 1757 560 justum
1802 475 1869 540 in
1926 493 2141 541 omnes
2197 475 2517 560 judicium.
2568 515 2641 527 -

223 576 409 641 Juxta
450 577 610 642 haec
657 577 836 641 Pauli
878 576 1068 641 verba
1133 571 1560 660 peccatori
1628 578 1847 659 culpae
1889 577 2167 658 vertitur,
2214 579 2376 660 quod
2417 579 2646 646 habeat

226 695 320 740 cor
361 677 590 740 durum
639 679 702 741 et
743 677 1172 760 impoenitens.

417 778 492 842 V.
544 779 607 845 6.
651 776 826 856 „Qui
863 777 1078 841 reddet
1117 779 1442 864 uuicuique
1483 778 1810 842 secundum
1853 799 2041 864 opera
2082 782 2254 868 ejud‘
2267 802 2291 860 ;
2332 780 2372 845 i.
2422 801 2474 845 e.
2538 781 2643 864 qui

223 879 525 957 omnibuS,
575 879 824 943 nemine
869 882 1144 961 excepto,
1191 896 1299 962 pro
1349 879 1526 944 bonis
1586 879 1877 964 operibns
1924 879 2084 945 bona
2126 898 2235 944 seu
2276 881 2643 963 praemium,

219 999 316 1062 pro
361 980 548 1044 malis
598 979 887 1063 operibus
932 981 1101 1045 mala
1146 999 1254 1044 seu
1323 979 1701 1065 supplicium
1766 980 2082 1048 retribuet.
2128 1017 2214 1029 —
2254 980 2482 1045 Verbis
2543 982 2642 1046 his

221 1082 386 1145 docet
431 1081 754 1158 indirecte,
821 1082 1152 1163 qualem
1220 1080 1472 1146 fidem
1536 1081 1857 1146 hominem
1915 1079 2279 1163 justificare,
2344 1082 2641 1148 nimirum

220 1182 458 1246 fidem
503 1183 873 1246 caritate
919 1182 1374 1247 formatam.

412 1282 493 1347 V.
541 1284 602 1347 7.
648 1283 786 1363 „lis
828 1283 1088 1369 quidem,
1151 1284 1257 1370 qui
1298 1282 1623 1346 secundum
1653 1283 2178 1368 perseverantiam
2238 1281 2381 1348 boni
2421 1284 2640 1368 operis,

217 1383 467 1468 qlom'am
512 1393 572 1448 et
612 1386 894 1448 honorem
937 1395 992 1448 et
1032 1386 1543 1471 incorruptionem
1599 1394 1899 1470 quaerunt
1910 1433 1930 1463 ,
1994 1385 2184 1447 vitam
2251 1388 2605 1448 aeternam“
2615 1408 2639 1466 ;

219 1486 252 1550 i.
279 1504 324 1549 e.
351 1486 426 1549 iis
448 1485 775 1563 nimirum,
823 1487 926 1568 qni
954 1487 1306 1551 constanter
1350 1486 1507 1551 bene
1552 1487 1860 1569 operando
1904 1486 2269 1552 felicitatem
2314 1488 2636 1551 aeternam

221 1588 526 1667 quaerunt,
566 1587 748 1651 dabit
771 1587 962 1651 vitam
987 1590 1323 1652 aeternam.
1353 1623 1436 1634 —
1460 1587 1639 1666 Quod
1662 1586 1831 1669 prius
1873 1586 2341 1671 generatim
2384 1587 2635 1664 dixerat,

220 1687 362 1751 illud
423 1705 594 1751 nunc
661 1688 726 1752 in
791 1688 1189 1770 sequentibus
1248 1688 1328 1773 (v.
1396 1689 1432 1753 7
1444 1688 1651 1772 -11.)
1716 1688 2161 1771 speciatim
2228 1688 2489 1771 exponit.
2558 1723 2632 1734 —

220 1787 310 1850 Ad
352 1785 512 1870 ζωήν
559 1785 802 1850 αἰώνιον
865 1809 934 1852 ex
992 1789 1382 1872 praecedenti
1448 1808 1629 1853 versu
1694 1789 2106 1872 supplendum
2173 1793 2270 1854 est
2334 1785 2636 1851 ἀποδώσει.

223 1886 383 1969 (dab
404 1890 516 1972 it).
614 1887 781 1965 δόξα,
823 1889 958 1971 τιμή
1005 1894 1065 1954 et
1110 1889 1427 1970 ἀφθαρσιά
1470 1889 1822 1972 exprimunt
1863 1888 1906 1953 b
1923 1906 1958 1953 o
1974 1909 2014 1953 n
2034 1908 2071 1954 a
2112 1890 2277 1954 vitae
2319 1892 2635 1966 aeternam

222 1987 351 2053 hinc
407 1991 608 2077 simul
671 1993 921 2074 sumpta
984 1992 1200 2057 notant
1264 1992 1432 2057 idem
1475 2009 1549 2055 ac
1595 1991 1721 2068 ζωή
1768 1987 2025 2067 αἰώνιος,
2090 1992 2127 2054 i.
2176 2009 2226 2055 e.
2273 1991 2636 2055 felicitatem

225 2091 542 2156 aeternam.
597 2089 749 2164 δόξα
790 2093 886 2156 est
927 2093 986 2156 h.
1035 2094 1073 2156 l.
1129 2093 1345 2175 gloria,
1393 2093 1683 2174 splendor
1726 2093 1891 2156 vitae
1934 2092 2196 2170 futurae,
2242 2093 2347 2174 qui
2389 2110 2460 2156 ex
2502 2089 2635 2155 Deo

221 2191 540 2275 refulgens,
607 2213 644 2258 a
691 2193 933 2258 Christo
977 2194 1042 2257 in
1086 2195 1284 2258 altera
1325 2193 1454 2257 vita
1491 2193 1680 2276 justis
1726 2193 2302 2258 communicabitur.
2355 2229 2431 2238 —
2477 2190 2633 2273 τιμή,

220 2291 413 2371 honor,
459 2295 585 2359 Dei
611 2295 990 2378 approbatio.
1039 2331 1122 2340 -
1168 2294 1504 2375 ἀφθαρσιά,
1550 2295 1944 2378 incorruptio,
1992 2311 2136 2378 ergo
2173 2294 2630 2359 immortalitas,

409 2395 486 2460 V.
536 2397 597 2462 8.
645 2396 782 2474 „Iis
826 2405 1026 2459 autem
1040 2445 1061 2476 ,
1121 2397 1229 2481 qui
1271 2404 1411 2459 sum
1453 2417 1528 2459 eoe
1591 2393 2022 2475 contentione&
2068 2397 2105 2460 i.
2154 2415 2205 2460 c.
2250 2395 2330 2460 iis
2395 2395 2627 2471 autem,

221 2493 311 2574 qui
353 2498 497 2561 sunt
518 2497 905 2582 immorigeri
950 2517 1058 2562 seu
1080 2497 1342 2562 rebelles
1368 2497 1580 2562 contra
1602 2497 1807 2562 Deum
1832 2501 1895 2560 et
1919 2497 2121 2580 legem
2168 2496 2320 2579 eJ‘uS.
2378 2533 2455 2545 -
2496 2496 2633 2562 Vox

225 2597 278 2654 ἐκ
317 2614 453 2661 eum
499 2599 776 2682 genitivo
824 2599 1026 2681 posita
1071 2597 1186 2680 (uti
1222 2598 1284 2661 h.
1309 2598 1348 2661 l.
1397 2600 1460 2659 ἐκ
1505 2599 1776 2680 ἐριθείας,
1822 2598 1951 2662 scil.
1978 2597 2150 2681 δυο-ι),
2196 2616 2377 2680 saepe
2398 2597 2635 2662 indicat

224 2698 646 2781 originem3
693 2700 836 2782 quia
876 2716 1018 2763 vero
1062 2699 1294 2782 origine
1336 2700 1427 2763 rei
1473 2699 1663 2763 etiam
1708 2699 2025 2764 indoles
2072 2699 2203 2781 ejus
2248 2699 2407 2763 solet
2428 2698 2631 2763 deter-

227 2798 452 2880 minari,
498 2801 772 2866 formula
800 2801 955 2865 haec
980 2800 1331 2882 frequenter
1368 2800 1457 2864 ita
1479 2801 1760 2878 occurrit,
1807 2802 1877 2864 ut
1901 2800 2184 2884 designet
2227 2799 2506 2864 indole
2529 2817 2630 2876 m,

226 2901 749 2981 qualitatem,
799 2921 906 2966 seu
930 2902 1012 2980 id,
1044 2902 1206 2983 quod
1250 2919 1643 2984 personae
1688 2904 1829 2965 aut
1871 2901 1991 2964 rei
2034 2901 2457 2984 proprium
2502 2902 2629 2975 est3

224 3018 274 3062 V.
295 3019 340 3064 c.
388 3005 443 3063 οἱ
469 3007 875 3084 ἐκπεριτομῆς
918 3002 1004 3086 (4,
1043 3002 1190 3086 12),
1238 3005 1296 3063 οἱ
1340 3005 1401 3062 ἐκ
1446 2999 1671 3083 υόμου,·
1716 3005 1771 3063 οἱ
1816 3003 1878 3064 ἐκ
1920 3006 2169 3073 πίστεως
2211 3000 2378 3083 (Gal.
2424 3001 2483 3077 3,
2510 2999 2634 3084 7.):

224 3099 355 3166 hinc
417 3105 610 3170 etiam
678 3105 738 3168 h.
784 3106 823 3169 l.
899 3107 956 3164 οἱ.
1015 3107 1076 3164 ἐκ
1137 3107 1394 3182 ἐριθείας
1450 3106 1548 3168 est
1610 3105 1776 3169 idem
1842 3123 1941 3169 ae:
2010 3107 2066 3164 οἱ
2131 3099 2431 3182 ἐρίζοντες,
2496 3099 2631 3182 qui

224 3201 636 3282 rixantur,
683 3205 788 3288 qui
835 3205 1202 3269 contentiosi
1245 3207 1420 3280 sunt3
1465 3205 1526 3270 h.
1552 3205 1592 3269 l.
1622 3206 1701 3270 ob
1746 3208 2135 3270 contextum:
2184 3203 2288 3285 qui
2330 3200 2460 3264 ref
2468 3217 2629 3264 rac—

227 3301 447 3384 tarii,
516 3306 878 3371 rebelles
941 3307 1103 3371 sunt.
1172 3344 1246 3353 -
1313 3310 1540 3389 ἐριθεία
1603 3306 1841 3371 rixandi
1906 3304 2216 3379 studium3
2279 3303 2345 3366 in
2410 3300 2489 3365 N.
2558 3301 2628 3365 T.

225 3401 422 3483 rixam,
491 3407 957 3472 contentionem
1025 3408 1237 3484 notat3
1304 3408 1445 3472 inde
1489 3407 1670 3477 facile
1736 3404 1940 3486 ἐρίζων
2007 3404 2292 3486 denotat:
2356 3401 2625 3476 rebellia,

227 3504 617 3576 refractarius.
673 3543 741 3556 --
792 3509 920 3588 „Et
961 3510 1069 3594 qui
1109 3509 1357 3571 veritati
1397 3507 1638 3594 quidem
1680 3508 2044 3585 renituntur,
2102 3503 2386 3568 obediunt
2435 3511 2635 3566 autem

229 3603 582 3693 injustitiae,
647 3612 752 3673 ira
817 3619 872 3672 et
932 3608 1278 3694 indiqnatio
1344 3608 1502 3692 (scil.
1573 3609 1690 3672 erit
1754 3608 1852 3673 vel
1916 3604 2333 3690 retribuetur).
2424 3604 2632 3683 Quum

229 3722 396 3772 versu
441 3711 502 3776 6.
563 3712 731 3776 adsit
789 3711 1048 3775 verbum
1117 3706 1446 3785 ἀποδώσει,
1511 3710 1701 3774 etiam
1766 3710 1869 3774 hic
1938 3708 2323 3790 exspectatur
2385 3707 2450 3770 in
2513 3705 2635 3769 fine

231 3813 790 3878 accusativus:
837 3809 1033 3891 θυμόν
1067 3812 1129 3875 et
1150 3810 1322 3891 ὀργῆν
1341 3833 1364 3886 ,·
1407 3811 1518 3875 sed
1541 3813 1610 3875 ut
1636 3811 1943 3875 sententia
1964 3812 2138 3873 tanto
2161 3807 2427 3873 vivacior
2449 3806 2630 3880 esset,

232 3909 437 3976 maluit
483 3915 796 3997 apostolus
842 3932 1064 3996 ponere
1129 3912 1766 3990 nominativum,
1833 3912 1913 3975 ad
1971 3927 2158 3994 quem
2212 3908 2626 3991 supplendum

233 4010 347 4074 est:
394 4017 549 4077 ἔσται
595 4016 809 4101 (erit)
854 4016 951 4081 vel
996 4011 1448 4095 ἀποδοθήσεται
1495 4011 2071 4096 (retribuetur).
2140 4008 2411 4071 ἄπειθέαπ
2453 4007 2553 4092 (ΘΧ
2594 4031 2635 4068 α

231 4112 368 4190 priv.
397 4119 458 4181 et
481 4115 708 4202 πειθώ)
733 4117 888 4182 mihi
909 4117 1267 4200 persuaderi
1290 4135 1412 4181 non
1434 4116 1654 4200 patior,
1677 4116 1925 4191 renitor,
1952 4112 2310 4179 inobediens
2332 4128 2504 4180 sum:
2556 4145 2632 4155 -

233 4214 415 4275 πειθώ
457 4218 796 4300 persuadeo
859 4218 1043 4283 alicui
1087 4217 1354 4298 aliquid3
1414 4217 1477 4280 in
1519 4217 1768 4300 passivo
1816 4219 1877 4280 et
1935 4214 2176 4279 medio:
2241 4210 2631 4294 persuadeor,

232 4311 403 4380 fidem
445 4320 658 4398 habeO,
705 4319 940 4384 obedio.
989 4357 1066 4366 —
1116 4315 1374 4398 ἀλήθεια
1419 4317 1701 4401 (veritas)
1725 4318 1784 4381 h.
1812 4318 1851 4381 l.
1880 4319 1977 4381 est
2020 4317 2204 4399 plena
2245 4312 2494 4390 veritae,
2540 4311 2635 4376 uti

235 4411 288 4476 in
351 4419 724 4485 conscientia
791 4423 852 4484 et
917 4420 984 4484 in
1026 4420 1323 4503 religione
1369 4418 1602 4486 Christi
1668 4411 2121 4487 manifestatur.
2177 4453 2246 4466 «-
2296 4413 2495 4484 ἀδικία
2537 4414 2632 4486 in-

231 4512 488 4603 justitia3
535 4521 693 4587 conf.
743 4524 800 4601 1,
849 4522 948 4588 18.
999 4558 1073 4570 -
