3234 4992
513 249 637 313 252

513 429 945 485 Esustiicsrs
980 431 1140 486 alicui
1177 432 1309 501 quid
1343 433 1416 487 sit
1448 434 1569 489 210.

509 517 845 569 Esusficfl
869 518 1020 569 ntia
1071 519 1154 571 est
1206 518 1396 572 unicus
1455 519 1727 574 vindictae

581 601 773 653 mutius
809 601 1106 656 christiano
1142 618 1424 657 concessus
1459 604 1576 658 212.

509 685 964 753 Blasphemis
998 686 1131 755 quid
1166 689 1240 741 sit
1273 688 1355 742 43.

1069 862 1162 925 G.

513 1009 709 1061 Caeci
733 1013 833 1061 tas
873 1013 925 1061 st
960 1006 1245 1061 obduratio
1281 1007 1517 1062 hominis
1553 1008 1623 1061 fit
1657 1008 1723 1062 ab

581 1093 797 1145 humine
853 1097 901 1145 st
957 1107 988 1145 a
1034 1092 1164 1155 Deo,
1220 1093 1313 1146 sed
1367 1092 1725 1147 diversimode

577 1177 697 1229 160.
741 1209 797 1217 -
837 1177 1080 1230 Caecitas
1116 1177 1447 1232 Judaeorum
1482 1178 1598 1232 187.

509 1261 729 1313 Carbo
753 1277 785 1313 11
805 1277 869 1313 ss
897 1261 1225 1316 ardentes
1251 1278 1539 1331 congerere
1561 1278 1727 1331 super

577 1349 737 1413 caput
773 1349 1002 1413 afisujus
1037 1347 1170 1415 quid
1205 1348 1279 1401 sit
1312 1348 1430 1402 212.

513 1441 553 1493 [ἶ
569 1457 597 1493 a
613 1457 637 1493 1·
653 1457 681 1493 u
697 1485 709 1505 2,
757 1433 913 1513 σάρξ
949 1441 1080 1510 quid
1103 1442 1374 1510 significet
1399 1444 1480 1499 17.
1501 1474 1567 1483 -
1587 1442 1723 1497 Caro

577 1537 779 1601 peccat-i
829 1537 941 1589 117.
996 1568 1055 1576 -
1093 1536 1159 1590 In
1216 1553 1373 1590 carne
1427 1552 1541 1590 esse
1592 1537 1724 1605 quid

577 1617 653 1669 sit
689 1621 805 1673 131.
845 1621 956 1673 120.
996 1652 1056 1661 -
1093 1619 1400 1675 Secundum
1424 1637 1722 1675 carnem—-

577 1705 869 1757 secundum
921 1705 1184 1774 Spiritum
1231 1721 1344 1759 esse
1391 1705 1521 1774 quid
1565 1707 1724 1759 notet

577 1789 689 1841 113.
749 1821 813 1829 —
869 1789 1055 1845 Carnis
1121 1790 1366 1844 studium
1433 1790 1724 1844 inimicitia

573 1877 765 1925 contra
797 1873 972 1929 Deum
1007 1876 1122 1928 119.

509 1957 837 2009 Carualis
877 1959 995 2025 quis
1036 1960 1151 2014 109.

509 2041 889 2093 Uslflhrsrc
941 2059 1034 2096 seu
1080 2043 1299 2098 laudare
1349 2045 1522 2098 Deum
1557 2045 1721 2112 digne

573 2129 789 2181 tantum
817 2129 1054 2181 valemus
1078 2145 1175 2198 per
1206 2129 1258 2184 J.
1285 2128 1580 2183 Christum.
1600 2129 1721 2185 250.

509 2209 713 2265 chari
733 2229 757 2265 s
777 2229 829 2265 m
849 2217 961 2265 ata
996 2212 1124 2280 quid
1162 2213 1276 2267 sint
1310 2214 1427 2268 207.

1850 434 2025 488 omni·
2066 433 2314 503 justitiae
2360 432 2475 487 173.
2518 462 2579 473 -
2627 429 2789 498 Lapis
2826 429 2984 483 offen-

1850 520 2040 591 sionis·
2069 519 2187 572 169.
2242 550 2303 559 -
2358 515 2691 585 Propitiator
2708 555 2720 576 ‚
2775 513 2988 567 victima

1849 604 2139 673 piacularis
2174 602 2256 656 55.
2297 632 2357 640 --
2398 600 2602 670 Scopus
2630 602 2684 653 et
2710 599 2840 652 finis
2860 599 2988 666 legis

1848 689 1962 745 172.
2002 719 2061 727 -
2102 688 2308 742 Similis
2342 685 2553 741 Adamo
2582 686 2641 739 in
2666 684 2989 738 contrarium

1844 775 1928 828 82.
1969 806 2028 815 -
2081 773 2330 828 Christus
2374 771 2630 824 minister
2668 770 2704 825 J
2706 769 2989 823 udaeorum

1843 859 1959 913 233.
2017 859 2351 927 Deprecatur
2401 871 2498 925 pro
2548 854 2705 908 nobis
2763 854 2880 907 141.
2928 881 2989 892 —

1846 942 2097 1008 Traditus
2125 946 2345 1011 propter
2368 940 2571 993 delicta
2593 943 2802 1004 nostra,
2831 939 2990 992 susci·

1846 1030 1997 1082 tatus
2032 1030 2253 1096 propter
2272 1025 2724 1094 justificationem
2760 1026 2991 1077 nostram

1848 1115 1927 1167 71.
1961 1142 2031 1153 -
2080 1113 2331 1167 Christus
2377 1111 2555 1164 multo
2602 1109 2730 1178 plus
2780 1108 2991 1178 profuit,

1846 1214 2008 1266 quam
2043 1198 2233 1251 nocuit
2276 1196 2452 1251 Adam
2495 1196 2579 1252 83.
2614 1195 2700 1249 84.
2736 1221 2813 1238 —-
2848 1193 2992 1248 Chri-

1847 1287 1966 1337 stus
2004 1282 2276 1336 offerendo
2312 1295 2533 1349 corpore
2569 1296 2667 1333 suo
2714 1281 2993 1348 peccatum

1846 1369 2048 1423 delevit
2068 1369 2183 1422 118.
2201 1400 2262 1409 —
2283 1366 2613 1422 obedientia
2624 1364 2837 1419 Christi
2849 1378 2995 1417 causa

1844 1453 2246 1523 justificationis
2295 1454 2512 1506 nostrae
2562 1449 2649 1503 86.
2688 1481 2736 1490 -
2805 1448 2992 1501 Resur-

1846 1540 2016 1593 rectio
2088 1537 2297 1592 Christi
2373 1552 2534 1590 causa
2589 1532 2994 1603 justificationis

1845 1627 2061 1677 nostrae
2118 1654 2174 1663 —
2237 1621 2659 1675 fundamentum
2722 1618 2994 1687 religionis

1845 1708 2174 1763 christianae
2235 1708 2315 1761 71.
2378 1739 2439 1748 -
2493 1705 2562 1759 ln
2606 1704 2835 1760 Christo
2892 1718 2994 1757 esse

1845 1793 1972 1861 quid
2010 1793 2085 1846 sit
2120 1792 2237 1846 116.

1778 1877 2160 1946 Cingulum
2204 1876 2488 1930 christiani
2528 1907 2581 1916 -
2627 1874 2837 1928 veritas
2887 1874 2993 1926 219.

1776 1962 2249 2018 Circumcisio
2286 1962 2506 2029 signum
2553 1958 2791 2013 foederis
2832 1962 2887 2012 et
2915 1958 2993 2025 ju-

1844 2048 2027 2102 stitiae
2062 2047 2189 2100 fidei
2224 2048 2308 2101 64.
2348 2078 2409 2087 —
2449 2046 2569 2112 Qua
2600 2060 2663 2098 ex
2698 2046 2862 2111 parte
2884 2058 2996 2111 pro-

1844 2133 1980 2199 dest,
2019 2134 2075 2186 et
2111 2148 2217 2200 qua
2253 2148 2315 2184 ex
2352 2134 2505 2200 parte
2543 2129 2626 2183 nil
2659 2128 2890 2197 prodest
2920 2128 2994 2182 44.

1842 2251 1908 2260 -
1947 2218 2298 2273 Circumcisio
2335 2216 2514 2270 cordis
2548 2215 2635 2268 425.

509 2293 841 2349 Charitas
881 2298 1721 2369 proximiestlegisadimple-
1777 2302 2382 2357 circuminsessio
2445 2299 2760 2353 divinarum
2822 2311 2993 2366 perso-

573 2381 649 2429 tin
681 2381 797 2433 217.
821 2409 889 2421 -
917 2380 1208 2436 ¹Charitatis
1243 2382 1513 2437 fraternae
1537 2383 1722 2437 debito

1844 2403 2038 2441 narum
2075 2387 2190 2443 121.

573 2477 849 2529 nunqnam
889 2466 1089 2519 satisfit
1122 2467 1240 2521 216.
1266 2499 1329 2508 -—
1355 2468 1423 2521 In
1448 2483 1573 2522 vera
1595 2484 1719 2537 pro·
1777 2471 2063 2527 Citandi
2097 2471 2237 2525 ratio
2273 2470 2555 2524 rabbinica
2590 2469 2705 2523 183.

573 2549 701 2601 sinii
757 2549 1020 2602 charitate
1077 2554 1160 2604 est
1225 2552 1434 2606 inclusa
1485 2553 1719 2607 charitas
1776 2556 2000 2612 Civili
2036 2556 2300 2626 potestati
2334 2554 2648 2609 obedientia
2674 2550 2996 2622 praestanda

573 2633 673 2681 Dsi
709 2633 825 2685 21³1.
869 2665 929 2673 —
965 2633 1134 2687 ADei
1152 2634 1418 2689 charitate
1437 2636 1518 2689 nil
1536 2640 1721 2705 potest

573 2733 669 2769 nus
705 2733 950 2785 separat-s
986 2718 1099 2771 143.

504 2801 905 2857 Christiani
967 2802 1225 2858 dicuntur
1287 2805 1462 2857 sancti
1513 2806 1595 2859 20.
1654 2838 1715 2878 ἡ

1774 2727 1816 2781 C
1830 2642 1962 2794 33
1975 2642 2111 2780 i2t1i5o
2162 2725 2369 2794 peccati
2421 2724 2539 2777 sine
2591 2722 2713 2790 lege
2762 2719 2993 2789 positiva

1842 2815 1927 2865 est
1962 2810 2191 2865 obscura
2226 2810 2341 2864 104.

573 2885 713 2937 Sunt
729 2889 889 2941 libari
917 2886 1058 2955 [filii)
1080 2888 1192 2954 Dei,
1219 2889 1472 2942 haeredes
1493 2890 1609 2955 Dei,
1632 2906 1717 2943 co·
1774 2896 1815 2951 C
1829 2913 1859 2950 o
1872 2912 1928 2950 m
1943 2912 1970 2949 e
1985 2912 2009 2948 s
2023 2912 2048 2948 s
2063 2912 2095 2949 a
2108 2896 2210 2949 tio
2248 2892 2377 2961 quid
2412 2892 2533 2946 220.

569 2969 821 3025 haemi-123
845 2972 1048 3025 Christi
1077 2973 1330 3028 127.128.
1363 3002 1434 3015 -
1467 2975 1535 3028 ln
1571 2976 1715 3029 chri·
1773 2981 1859 3036 Co
1875 2996 1954 3034 nc
1972 2980 2041 3033 lu
2056 2979 2174 3033 der
2189 2996 2217 3032 e
2253 2978 2492 3046 aliquem
2525 2977 2586 3030 in
2622 2973 2835 3043 aliquid
2870 2971 2993 3041 quid

569 3057 765 3109 stin-nis
797 3057 960 3121 justis
997 3057 1212 3112 habitat
1237 3058 1471 3127 Spiritus
1508 3076 1547 3112 s.
1586 3059 1715 3112 sub-

569 3141 901 3193 stantialiter
952 3142 1033 3195 74.
1081 3139 1198 3199 121.

573 3241 665 3289 per
701 3225 1033 3293 baptismum
1066 3230 1314 3281 mortuus
1363 3232 1445 3282 est
1493 3232 1715 3297 peccato

573 3309 653 3361 32.
691 3337 757 3345 ——
793 3309 1121 3364 lutei-fectus
1168 3319 1250 3365 est
1297 3311 1408 3379 legi
1451 3313 1716 3367 Mosaicae

1841 3064 2116 3132 significet
2150 3064 2268 3117 202.

1257 3172 1313 3183 -
1373 3143 1714 3198 Christianus
1773 3147 2380 3217 Concupiscentia
2456 3146 2604 3199 mala
2692 3142 2992 3212 appellatur

1838 3235 2121 3302 peccatum
2173 3231 2289 3285 105.
2346 3264 2408 3273 —-
2464 3231 2500 3286 J
2502 3246 2591 3283 am
2645 3232 2775 3282 ante
2822 3227 2990 3294 legem

1837 3318 1973 3371 Mos.
2015 3319 2132 3371 erat
2164 3316 2344 3369 latens
2380 3316 2437 3368 in
2474 3314 2697 3368 homine
2733 3312 2854 3366 105.

569 3393 661 3445 101
725 3425 785 3433 -
825 3393 964 3446 Cum
988 3393 1206 3449 Christo
1241 3399 1504 3463 mortuus,
1542 3399 1715 3452 cruci·
1772 3401 1859 3457 Co
1874 3419 1911 3455 n
1926 3401 1989 3454 d
1975 3418 1993 3454 1
2009 3401 2064 3453 t
2048 3417 2066 3452 1
2082 3417 2112 3454 o
2148 3401 2348 3454 misera
2371 3399 2613 3453 hominis
2638 3413 2750 3451 non
2773 3410 2989 3464 regene-

573 3477 689 3537 iius
741 3478 1085 3545 consepultus
1137 3484 1193 3533 et
1227 3482 1580 3535 resuscitatus
1633 3487 1716 3536 est

1836 3486 1945 3540 rati
1982 3486 2098 3539 108.
2136 3486 2251 3539 109.

569 3561 773 3613 94193.
813 3597 873 3601 —
913 3564 1054 3616 Hinc
1089 3564 1251 3618 debet
1303 3567 1455 3619 totus
1500 3565 1714 3622 Christo
1771 3570 2249 3625 Conformitas
2303 3584 2428 3623 cum
2483 3567 2630 3621 Filio
2697 3567 2802 3620 Dei
2864 3516 2987 3634 quid

569 3645 745 3697 vivum
773 3645 885 3697 1111.
909 3678 968 3687 -
994 3647 1333 3703 Christianus
1363 3653 1419 3703 et
1436 3655 1716 3720 peccatum

1839 3656 1913 3708 sit
1948 3655 2067 3708 138.

573 3729 677 3781 dun
717 3737 845 3781 suut
881 3731 1126 3797 opposita
1167 3732 1249 3785 89.
1290 3765 1350 3774 -
1391 3734 1520 3799 Quis
1556 3751 1715 3790 verus
1770 3738 2187 3807 Conjugium
2223 3736 2507 3806 spirituale
2545 3736 2696 3790 inter
2726 3735 2984 3791 Jehovam

573 3817 901 3869 christianus
941 3813 1055 3866 121.
1081 3847 1145 3855 -
1184 3818 1246 3868 In
1271 3832 1396 3870 vero
1421 3818 1715 3872 christiano

1838 3827 1893 3877 et
1926 3823 2190 3892 populum
2224 3821 2394 3876 Israel
2432 3823 2548 3875 181.

573 3901 709 3949 vivit
749 3897 999 3949 Christus
1033 3898 1116 3950 93.
1155 3928 1213 3938 -
1254 3899 1594 3956 Christianus
1628 3904 1715 3972 ju·
1770 3906 2237 3962 Conscientia
2260 3923 2354 3960 seu
2376 3906 2545 3959 animi
2563 3905 2841 3975 persuasio
2858 3900 2983 3955 fides

569 3981 841 4033 stificatus
877 3981 941 4033 fit
974 3996 1190 4036 consors
1240 3981 1455 4037 divinae
1490 3990 1715 4041 naturae
1837 3990 1985 4044 dicta
2040 3991 2161 4043 221.
2221 4024 2284 4032 —
2346 3990 2551 4045 Contra
2603 3986 2983 4044 conscientiam

573 4065 653 4121 74.
693 4097 757 4152 ἢ
797 4065 1087 4119 Christiani
1134 4066 1414 4133 cingulum
1459 4074 1542 4123 est
1575 4073 1714 4125 veri·
1837 4090 1993 4141 agere
2029 4078 2313 4143 peccatum
2350 4080 2435 4128 est
2469 4075 2588 4131 230.

573 4153 657 4201 tas
693 4149 813 4201 213.
1768 4159 2090 4214 Consilia
2124 4176 2220 4213 seu
2256 4160 2472 4213 decreta
2499 4158 2688 4212 divina
2723 4158 2980 4211 inscruta-

500 4237 541 4289 fl
561 4237 593 4289 h
613 4253 637 4285 1·
653 4233 670 4285 i
685 4249 709 4285 s
733 4237 753 4285 t
773 4249 805 4285 u
821 4253 845 4285 s
881 4236 1051 4290 Filius
1070 4238 1170 4292 Dei
1190 4239 1270 4293 16.
1294 4269 1353 4279 -
1375 4239 1548 4293 Verus
1567 4240 1713 4295 Deus

565 4321 649 4369 ΞΠ.
689 4317 801 4369 121.
841 4321 950 4377 143.
985 4354 1051 4363 —
1085 4323 1349 4376 Dominus
1385 4325 1467 4377 19.
1503 4355 1570 4365 -—
1593 4324 1713 4377 Pri-

1835 4242 1971 4297 bilia
2003 4244 2121 4300 203.

1768 4326 2163 4381 Consilium
2200 4328 2459 4397 epistolae
2485 4328 2553 4381 ad
2572 4328 2909 4380 Romanos
2936 4324 2979 4375 7.

569 4401 889 4469 [ungenitus
925 4405 1252 4473 Unigenitus
1288 4409 1402 4463 139.
1436 4439 1505 4448 —-
1545 4408 1712 4462 Verus
1767 4410 2220 4466 Consortium
2276 4412 2482 4479 gloriae
2538 4412 2672 4465 Filii
2720 4411 2823 4465 Dei
2856 4406 2977 4479 quid

569 4485 729 4537 husun
781 4489 897 4541 145.
949 4519 1014 4529 —
1064 4491 1240 4547 Judex
1303 4492 1389 4548 41.
1567 4492 1711 4546 Fons

1831 4494 1947 4548 138.
