3234 4992
609 243 728 309 188
1572 242 1684 298 oq».
1710 242 1790 287 111.
1817 254 1863 287 v.
1892 245 2059 288 111-11.

605 428 793 494 simul
853 420 1616 516 est‘metaphorioa,
1704 433 1977 517 imagine
2042 431 2409 517 deprompta
2465 450 2537 495 ex
2594 448 2661 495 re
2721 431 2995 495 venatoria

606 529 682 593 ab
728 529 944 596 avibus
969 534 1076 596 aut
1097 531 1242 598 feris
1273 534 1582 599 inescatis,
1634 572 1707 581 -—
1755 538 1941 616 παγίς,
1984 536 2261 617 laqueuS,
2309 550 2427 616 quo
2464 532 2699 597 animal
2744 532 2985 613 capitum

606 628 776 713 θήρα
818 631 1002 715 (quae
1045 651 1160 698 vox
1202 634 1266 699 in
1309 636 1587 701 versione
1634 636 2045 721 Septuaginta
2088 636 2287 719 deest)
2346 654 2383 700 a
2438 642 2565 716 θηρ
2588 672 2614 683 -
2636 632 2833 716 θηρός
2880 633 3001 703 fera,

609 735 706 797 est
769 734 1011 817 proprie
1077 738 1449 816 venatio,
1515 738 1831 821 captio;
1917 739 2056 802 dein
2122 738 2781 801 instrumentum
2844 752 3000 798 vena-

609 833 794 898 tionis
841 854 949 899 seu
994 837 1319 919 captioniS,
1383 839 1853 918 tendicula,
1918 858 2041 922 qua
2096 839 2229 904 fera
2286 838 2564 922 capitur;
2628 838 2688 901 h.
2737 838 2781 900 1.
2826 838 3001 900 meta·

613 935 856 1019 phorice
933 940 1004 1001 ut
1082 942 1254 1020 παγίς
1333 943 1396 1003 et
1473 938 1803 1003 σκάνδαλον
1885 941 2140 1006 denotat
2214 957 2545 1005 causam
2609 939 2954 1003 interitu
2971 957 3011 1015 S,

607 1037 863 1102 exitii.
958 1039 1051 1103 De
1117 1059 1266 1106 voce
1310 1041 1640 1105 σκάνδαλον
1702 1042 1779 1109 cf.
1829 1044 1995 1109 dicta
2051 1044 2112 1122 9,
2172 1043 2274 1108 33.
2347 1080 2419 1091 -
2486 1038 2875 1122 ἀνταπόδομα
2926 1039 3012 1123 (ab

609 1138 1080 1224 ἀνταποδίδωμι)
1127 1144 1326 1222 estid,
1376 1145 1538 1227 quod
1561 1146 1937 1211 retributum
1962 1148 2094 1222 est3
2142 1165 2328 1209 sensu
2360 1145 2557 1235 bono:
2600 1143 3015 1227 praemium

607 1240 778 1325 (Luc.
830 1244 927 1321 14,
978 1244 1124 1326 12),
1184 1264 1372 1311 sensu
1419 1248 1618 1312 malo:
1665 1266 1958 1331 poena,
2005 1247 2416 1325 vindicta,
2461 1251 2534 1311 ut
2577 1245 2636 1309 h.
2682 1246 2723 1309 l.
2804 1242 3012 1309 Sensus

613 1343 940 1408 verborum
987 1344 1151 1427 apud
1197 1347 1594 1429 psalmistam
1644 1351 1781 1413 est:
1843 1350 2008 1414 Dum
2071 1348 2361 1413 incuriosi
2420 1347 2613 1412 edunt
2672 1347 2738 1410 et
2792 1345 3012 1419 bibunt,

609 1445 892 1528 vitaeque
938 1447 1184 1512 lautiori
1227 1468 1291 1513 se
1335 1450 1763 1529 committunt,
1828 1468 1931 1514 eos
1979 1450 2293 1532 inopinate
2339 1450 2649 1533 opprimat
2708 1446 3015 1511 calamitas

607 1546 790 1629 atque
857 1548 1114 1613 exitium
1181 1550 1245 1614 in
1303 1550 1543 1633 justam
1628 1554 2015 1634 peccatorum
2086 1569 2301 1615 eorum
2367 1567 2653 1634 poenam.
2720 1584 2807 1594 —
2870 1548 3014 1612 Dum

608 1647 793 1712 dicit:
839 1648 871 1711 f
881 1648 1036 1726 iat,
1083 1654 1145 1713 et
1189 1654 1406 1734 postea
1449 1652 1529 1735 (v.
1582 1654 1747 1737 10.):
1794 1653 2357 1718 obscurentur
2402 1650 2563 1716 oculi
2610 1667 2845 1727 eorum,
2891 1650 3014 1712 sunt

605 1748 778 1826 haec,
840 1753 908 1814 ut
965 1750 1116 1815 dicit
1175 1771 1220 1817 s.
1269 1754 1682 1837 AugustinuS,
1744 1754 1933 1819 verba
1977 1752 2579 1837 prophetantis
2641 1750 2856 1834 (fiet,
2908 1749 3011 1813 ob-

607 1850 1010 1916 scurabun
1034 1853 1210 1936 tur),
1278 1855 1502 1937 quibus
1569 1875 1803 1940 poenae
1872 1857 2324 1921 denunciantur
2389 1874 2427 1919 a
2487 1854 2760 1919 Messiae
2820 1852 3011 1917 adver-

609 1950 786 2017 sariis
846 1952 1000 2017 olim
1060 1953 1354 2034 luendae;
1414 1976 1570 2039 quae
1628 1975 1860 2041 poenae
1921 1977 2101 2023 versu
2150 1958 2245 2022 10.
2294 1954 2800 2021 distinctius
2845 1950 3013 2035 expri-

607 2058 876 2119 muntur.

805 2154 878 2219 V.
932 2157 1025 2221 10.
1076 2204 1114 2235 „
1127 2156 1532 2223 Obscurentur
1576 2160 1739 2224 oculi
1780 2182 2008 2240 eorum,
2049 2181 2125 2223 ne
2159 2158 2429 2238 videant,
2472 2166 2529 2220 et
2559 2156 2814 2220 dorsum
2836 2175 3013 2218 eorum

607 2276 838 2341 semper
879 2257 1137 2321 incurva
1151 2266 1215 2340 ‚·“
1275 2262 1313 2325 i.
1363 2281 1415 2325 e.
1467 2262 1875 2344 spiritualiter
1933 2261 2200 2346 (mente)
2260 2259 2660 2325 excaecentur
2721 2260 2785 2320 et
2842 2255 3012 2321 obdu-

606 2357 836 2434 rentur,
889 2359 1072 2440 atque
1118 2361 1588 2427 calamitatibus
1636 2363 1699 2426 et
1743 2363 1930 2427 malis
1991 2362 2287 2445 gravibus
2334 2360 2781 2445 opprimantur.
2870 2358 3009 2422 Loco

607 2456 815 2522 ultimi
861 2458 1242 2525 hemistichii
1289 2463 1354 2527 in
1398 2465 1569 2528 textu
1633 2464 1899 2529 hebraeo
1961 2464 2227 2547 legitur:
2277 2461 2595 2547 „Lumbos
2642 2478 2856 2525 eorum
2899 2476 3013 2542 per-

611 2560 799 2639 petuo
864 2559 963 2623 fac
1030 2564 1309 2628 nutare.“
1401 2563 1809 2649 Septuaginta
1864 2583 2005 2629 vero
2073 2564 2459 2648 interpretes,
2519 2579 2673 2644 quos
2720 2560 3013 2644 apostolus

611 2658 920 2740 sequitur,
978 2662 1185 2744 potius
1243 2665 1608 2747 psalmistae
1672 2667 2024 2730 mentem
2087 2665 2535 2750 expresserunt,
2600 2680 2789 2745 quam
2849 2660 3013 2726 verba

608 2760 1037 2839 reddiderunt3
1084 2765 1186 2846 qui
1233 2766 1528 2831 nimirum
1579 2768 1849 2851 pondere
1896 2768 2094 2852 pressi
2141 2769 2318 2833 dorso
2362 2766 2656 2831 incedunt
2694 2765 3012 2837 incurvato,

612 2860 861 2927 illorum
922 2882 1160 2949 quoque
1221 2871 1445 2933 nutant
1503 2870 1725 2948 lumbi,
1789 2870 1896 2953 qui
1962 2871 2107 2934 sunt
2173 2868 2425 2933 inferior
2488 2866 2655 2932 dorsi
2721 2884 2883 2948 pars.
2952 2897 3011 2906 —-

609 2961 784 3042 Quod
829 2967 905 3029 ad
963 2967 1168 3049 ipsum
1235 2970 1438 3034 locum
1507 2971 1739 3054 psalmi
1800 2972 1973 3036 citati
2033 2970 2275 3050 attinet,
2339 2968 2657 3053 sequentia
2714 2970 2864 3032 sunt
2920 2980 3014 3028 no-

609 3064 816 3129 tanda.
909 3065 968 3132 S.
1032 3070 1269 3151 psaltes
1336 3072 1601 3137 summis
1666 3092 1918 3156 pressus
1982 3077 2080 3138 est
2142 3072 2607 3138 calamitatibus
2678 3068 2761 3134 ab
2830 3067 3023 3132 adver-

612 3166 792 3230 sariis
851 3168 999 3234 suis.
1088 3170 1387 3237 Precatur
1448 3174 1659 3256 itaque
1720 3175 1923 3240 Deum
1945 3225 1960 3255 ,
2030 3177 2100 3239 ut
2167 3174 2291 3257 ipsi
2357 3193 2537 3257 opem
2590 3172 2780 3251 ferat,
2849 3186 3023 3252 quum

608 3266 820 3331 insons
880 3269 959 3333 ab
1025 3270 1113 3334 eis
1170 3275 1436 3354 vexetur,
1499 3294 1612 3339 nec
1670 3277 1864 3340 ullum
1934 3276 2232 3341 auxilium
2290 3276 2367 3340 ab
2411 3273 2769 3339 hominibus
2811 3271 3013 3355 speret,

611 3383 856 3449 rogans,
902 3374 974 3434 ut
1017 3391 1114 3436 res
1158 3376 1551 3458 temporaleS,
1599 3395 1755 3459 quae
1799 3377 1925 3441 illis
1971 3378 2051 3442 ad
2072 3378 2267 3441 vitam
2315 3374 2791 3442 sustentandam
2834 3375 2893 3435 et
2936 3388 3013 3432 re-

607 3469 975 3536 vereandam
1028 3475 1317 3556 prodesse
1372 3476 1700 3555 debebant,
1762 3478 1917 3561 ipsis
1976 3482 2291 3543 vertantur
2351 3478 2417 3542 in
2474 3464 2745 3541 exitium.
2790 3508 2874 3519 -—
2914 3471 3019 3535 Da-

629 3575 766 3639 ides
845 3578 1059 3640 autem
1147 3582 1279 3641 erat
1355 3578 1541 3661 typus
1610 3577 1975 3656 Christi3
2042 3578 2513 3643 adversarii
2575 3595 2719 3642 vero
2788 3571 3019 3641 Davidis

611 3681 787 3743 erant
845 3677 976 3761 typi
1038 3677 1527 3743 adversariorum
1590 3678 1910 3744 Christi
1975 3683 2036 3744 et
2094 3681 2513 3754 ecclesiae
2572 3678 2786 3761 ipsius.
2874 3674 3017 3739 Hinc

612 3779 866 3863 dempta
908 3777 1177 3860 imagine
1225 3780 1362 3843 vult
1410 3782 1726 3863 apostolus
1792 3780 2025 3845 dicere:
2086 3781 2264 3861 Quod
2309 3780 2509 3846 David
2567 3783 2787 3846 cont-ra
2829 3780 3018 3843 adver-

611 3880 801 3945 sarios
847 3898 990 3943 suos
1036 3880 1295 3964 supplex
1339 3880 1600 3964 adeptus
1651 3884 1761 3958 est,
1822 3881 1885 3944 id
1931 3881 2259 3964 impletum
2327 3883 2425 3946 est
2484 3900 2650 3946 nunc
2697 3881 2763 3945 in
2810 3876 3017 3945 Christi

613 3980 1000 4047 adversariis.
1104 3980 1398 4046 Doctrina
1481 3982 1709 4061 divina,
1778 3983 2201 4066 evangelium,
2271 3983 2433 4065 quod
2503 4001 2711 4047 coram
2781 3982 2867 4047 eis
2924 3996 3014 4042 ceu

612 4082 784 4147 cibus
830 4081 1164 4165 spiritualis
1214 4082 1275 4147 in
1326 4100 1540 4147 mensa
1583 4084 1762 4165 quasi
1808 4103 2149 4167 expansum
2196 4088 2311 4163 est,
2376 4087 2437 4149 et
2493 4083 2654 4167 quod
2699 4102 2809 4168 per
2848 4081 3009 4147 fidem

617 4183 928 4267 suscipere
973 4184 1355 4262 debuissent,
1409 4202 1659 4250 versum
1704 4188 1801 4251 est
1844 4185 1933 4250 eis
1979 4188 2231 4269 propter
2276 4186 2776 4251 incredulitatem
2820 4198 3001 4249 eorum

612 4284 679 4350 in
721 4285 993 4350 exitium.
2906 4360 2911 4364 ,

823 4386 898 4456 V.
947 4388 1042 4451 11.
1090 4386 1292 4465 „Dico
1336 4387 1527 4473 ἱρέων
1549 4410 1569 4449 .·
1630 4387 1801 4451 Num
1844 4386 2242 4473 offenderant,
2284 4398 2353 4453 ut
2394 4387 2683 4453 caderent
2698 4388 2767 4452 {W
2824 4386 3003 4451 Nexus

616 4488 914 4554 orationis
977 4508 1239 4571 sequens
1301 4493 1426 4555 est:
1495 4488 1657 4569 Quia
1712 4489 1777 4554 111
1836 4490 2347 4574 praecedentibus
2408 4490 2647 4557 dixerat
2704 4486 3003 4575 apostolus
