3234 4992
531 252 614 318 93
1499 247 1610 301 cap.
1636 248 1714 291 vr.
1743 257 1789 287 v.
1816 246 1984 289 20-28.

533 437 831 513 alterum:
896 435 1100 518 prouti
1155 434 1344 501 verba
1403 439 1487 507 εἰς
1551 431 1836 517 ἁγιασμόν
1897 448 2297 517 progressum
2352 429 2421 495 in
2468 428 2994 495 sanctificatione

533 538 724 603 totius
779 536 962 615 vitae,
1021 535 1296 602 internae
1357 540 1423 601 et
1483 538 1780 603 externae.
1841 570 1924 583 -—-
1983 533 2334 613 ἀκαθαρσία
2390 536 2455 597 et
2512 530 2734 610 ἀνομία
2790 548 2998 613 spec-

535 640 749 703 tantur
789 636 890 702 hic
946 656 1056 720 per
1110 638 1613 721 prosopopoeiam
1676 641 1977 720 tanquam
2034 652 2469 719 personae,
2536 631 2999 699 membrorum

537 738 804 821 corporis
849 738 915 802 in
957 738 1317 803 servitutem
1356 737 1631 821 ipsarum
1663 738 2057 803 redactorum
2092 735 2403 801 rectrices,
2446 770 2530 783 --
2553 733 2709 799 Vult
2753 732 2997 814 itaque

537 840 850 923 apostolus
897 839 1134 905 dicere:
1178 838 1339 904 Rem
1381 857 1506 906 non
1549 839 1887 918 difficilem,
1934 839 2045 903 sed
2086 836 2383 903 humanis
2427 836 2669 901 viribus
2712 852 2995 900 accom-

538 940 805 1020 modam,
868 941 1061 1019 vobis,
1122 959 1414 1025 propono,
1477 941 1531 1005 si
1573 960 1610 1006 a
1653 941 1829 1007 vobis
1872 940 2067 1025 exigo,
2127 940 2217 1019 ut,
2281 939 2444 1003 sicut
2498 935 2791 1001 membra
2834 952 2996 1031 cor-

535 1042 698 1123 poris
742 1042 935 1107 vestri
977 1042 1126 1107 olim
1187 1062 1366 1108 serva
1423 1042 1795 1126 praebuistis
1851 1040 2205 1125 impuritati
2260 1039 2558 1121 omnique
2619 1037 2809 1114 malo,
2890 1035 2996 1099 ita

538 1144 610 1207 ut
653 1143 927 1224 quotidie
986 1143 1220 1227 pejores
1277 1143 1506 1208 fieretis
1548 1178 1636 1192 —
1677 1143 1768 1209 ita
1810 1159 1976 1209 nunc
2034 1142 2169 1226 pari
2228 1140 2458 1205 saltem
2520 1136 2733 1203 studio
2793 1154 2994 1219 prae·

535 1243 739 1309 beatis
776 1244 995 1309 eadem
1036 1244 1315 1309 membra
1351 1262 1528 1309 serva
1557 1244 1858 1328 justitiae,
1906 1244 1997 1309 ita
2039 1246 2113 1307 ut
2148 1242 2215 1308 in
2239 1241 2373 1306 dies
2398 1238 2606 1323 magis
2632 1237 2992 1321 magisque

539 1346 1032 1411 sanctificemini.
1389 1372 1392 1379 ·

734 1447 822 1511 Ut
859 1445 1356 1511 adhortationem
1400 1446 1582 1511 modo
1615 1462 1975 1527 expressam
1998 1446 2174 1509 tanto
2217 1440 2540 1508 lubentius
2586 1440 2985 1524 exciperent,

535 1546 708 1629 ponit
741 1546 808 1611 in
846 1545 1248 1629 sequentibus
1281 1564 1329 1611 S.
1353 1547 1673 1631 apostolus
1692 1546 1771 1611 ob
1795 1546 2005 1611 oculos
2050 1542 2439 1627 sequelas
2483 1560 2597 1606 seu
2638 1540 2987 1606 fructus

534 1646 836 1729 pristinae
882 1646 1040 1713 vitae
1093 1665 1320 1712 eorum.

733 1747 808 1811 V.
833 1749 933 1812 2Ο.
980 1745 1228 1826 „Quum
1249 1748 1406 1812 enim
1439 1748 1599 1811 servi
1619 1746 2092 1832 essetispeccati,
2129 1744 2310 1809 liberi
2344 1745 2537 1810 eratis
2572 1768 2617 1809 a
2642 1742 2987 1835 Juetctiass

535 1847 756 1914 Verbis
802 1849 900 1914 his
945 1849 1053 1914 dat
1093 1849 1307 1914 ratio
1325 1868 1416 1913 ne
1434 1866 1498 1913 m
1543 1849 1713 1935 (inde
1754 1849 1913 1933 γὰρ),
1973 1865 2083 1912 cur
2124 1864 2395 1930 aequum
2438 1847 2544 1927 sit,
2591 1848 2665 1911 ut
2708 1844 2983 1921 faciant,

536 1948 614 2011 ad
674 1950 834 2032 quod
894 1968 996 2015 eos
1052 1950 1222 2033 prius
1281 1949 1742 2015 adhortabatur.
1804 1986 1890 1997 —
1963 1944 2305 2031 δικαιοσύνῃ
2372 1951 2472 2013 est
2543 1946 2799 2013 dativus
2856 1964 2895 2008 r
2912 1962 2983 2008 e-

536 2048 922 2127 lationis:
991 2054 1053 2115 et
1107 2050 1420 2134 apostolus
1464 2051 1600 2115 vult
1647 2049 1880 2115 dicere:
1950 2048 2111 2115 Cum
2176 2048 2351 2115 enim
2416 2048 2593 2113 velut
2648 2044 2983 2128 mancipia

535 2150 782 2231 peccato
829 2151 1161 2229 serviretiS,
1207 2151 1392 2216 eratis
1435 2169 1472 2215 a
1507 2151 1757 2234 justitia
1816 2150 2020 2215 alieni.
2070 2184 2153 2199 -
2196 2149 2497 2231 Qualis
2552 2151 2773 2215 autem
2818 2146 2983 2211 haec

537 2250 794 2315 libertas
838 2251 1044 2328 fuerit,
1091 2252 1470 2334 conspicitur
1513 2271 1585 2317 ex
1628 2250 1951 2316 fructib
1972 2268 2062 2315 us
2106 2250 2261 2334 ejus.
3061 2316 3077 2335 .

743 2350 816 2415 V.
873 2352 973 2415 21.
1042 2350 1278 2429 „Quem
1339 2352 1528 2436 ἱρέων
1575 2350 1862 2437 fructum
1912 2350 2211 2415 habuistis
2252 2360 2415 2431 banc,
2481 2370 2743 2436 quorum
2810 2368 2979 2410 nunc

526 2448 724 2533 pudet
779 2450 964 2515 vos?“
1029 2448 1270 2533 καρπός,
1331 2451 1700 2531 fructus,
1768 2453 1829 2517 h.
1896 2453 1937 2517 1.
1996 2452 2404 2537 intelligenda
2469 2454 2619 2517 sunt
2683 2466 2973 2532 opera,

539 2549 933 2617 actiones.
985 2590 1057 2598 -
1101 2551 1259 2631 τότε,
1319 2553 1538 2631 tunc,
1597 2553 1638 2619 i.
1698 2572 1751 2619 e.
1814 2572 1934 2637 quo
1997 2558 2277 2639 tempore
2339 2552 2503 2619 servi
2576 2550 2769 2617 eratis
2829 2567 2975 2632 pec-

547 2650 690 2715 cati.
736 2686 820 2697 --—
863 2651 929 2716 Si
972 2672 1113 2719 cum
1139 2653 1410 2737 Vulgata
1435 2654 1685 2735 signum
1728 2652 2735 2741 interrogationis'ponitur
2778 2653 2975 2734 post

541 2750 980 2834 ἐπαισχύνεσθε,
1025 2758 1322 2837 tanquam
1367 2773 1735 2838 responsum
1780 2757 2054 2841 suppleri
2099 2756 2317 2822 debet:
2378 2774 2419 2820 n
2440 2754 2709 2819 ullum
2752 2750 2789 2815 f
2795 2770 2827 2817 r
2846 2768 2973 2815 uc-

541 2856 704 2916 tum
773 2854 1263 2932 habebatis:
1331 2873 1477 2919 nam
1542 2855 1685 2921 finis
1750 2874 1961 2923 eorum
2027 2875 2213 2925 mors.
2260 2894 2338 2904 -
2402 2854 2471 2921 Si
2536 2855 2753 2921 autem
2822 2870 2970 2917 cum

539 2954 1048 3021 Theodo‘reto
1094 2959 1158 3020 et
1200 2955 1817 3039 Theophylacto
1864 2957 2115 3041 signum
2160 2955 2670 3041 interrogationis
2714 2955 2970 3039 ponitur

538 3059 723 3140 post
766 3054 910 3137 τότε,
976 3062 1113 3124 tum
1168 3061 1311 3122 ante
1353 3056 1441 3137 ἐφ’
1493 3061 1584 3127 οἱς
1649 3058 2063 3141 supplendum
2120 3059 2250 3125 est:
2316 3060 2562 3121 τοιαῦτα
2608 3056 2839 3142 (talia),
2899 3058 2971 3121 ut

543 3176 761 3223 sensus
807 3159 924 3224 sit:
968 3158 1140 3239 Quae
1185 3176 1367 3242 opera
1409 3158 1645 3241 egisti8‚
1693 3176 1813 3242 quo
1857 3163 2133 3244 tempore
2194 3161 2382 3227 eratis
2446 3160 2612 3226 servi
2673 3157 2971 3243 peccati?

539 3259 735 3337 Talia,
798 3278 1056 3343 quorum
1099 3254 1263 3325 nunc
1304 3277 1411 3325 vos
1464 3260 1673 3343 pudet.
1718 3292 1804 3307 -—
1847 3261 2067 3338 „Nam
2091 3260 2251 3345 finis
2292 3282 2503 3325 eorum
2544 3265 2780 3339 mors“,
2838 3258 2969 3325 scil.

541 3361 788 3423 aeterna
845 3378 950 3425 seu
1005 3360 1343 3427 damnatio.
1406 3358 1675 3431 θάνατος
1714 3361 1774 3425 h.
1835 3362 1899 3442 1.,
1958 3364 2107 3445 quia
2170 3364 2505 3447 opponitur
2564 3362 2689 3426 vit
2712 3379 2803 3427 ae
2849 3378 2969 3425 ae-

541 3461 826 3522 ternae
870 3459 950 3540 (v.
995 3461 1124 3546 22.)
1171 3465 1266 3526 est
1308 3462 1474 3527 idem
1520 3480 1592 3527 ac
1638 3460 1918 3541 ἀπώλεια,
1966 3464 2301 3530 damnat-ic.

749 3556 821 3619 V.
868 3559 965 3623 22.
1012 3561 1244 3638 „Nunc
1284 3583 1424 3626 vero
1472 3561 1717 3626 liberati
1752 3557 1801 3627 ‘a
1830 3574 2105 3648 peccato,
2147 3566 2311 3629 servi
2354 3573 2559 3629 autem
2584 3562 2771 3648 facti
2814 3562 2971 3641 Deo,

541 3655 770 3721 habetis
812 3656 1094 3741 fructum
1149 3670 1408 3726 vestrum
1472 3664 1542 3727 in
1605 3663 2205 3749 sanctfficationemf‘
2292 3665 2658 3731 Miserrimo
2727 3663 2975 3748 pcccati

545 3756 856 3822 servitutis
903 3760 1088 3826 exitui
1130 3763 1380 3845 opponit
1423 3763 1463 3828 d
1482 3782 1575 3829 uo
1593 3812 1608 3842 ,
1656 3782 1811 3846 quae
1856 3766 2125 3831 servitus
2162 3766 2449 3849 justitiae
2486 3765 2699 3831 adfert
2736 3764 2783 3829 b
2804 3781 2973 3843 ona,

547 3874 807 3937 quorum
888 3860 1147 3926 alterum
1231 3863 1316 3927 sit
1387 3864 2009 3945 sanctificatiO,
2078 3868 2241 3950 quod
2305 3866 2544 3933 bonum
2614 3865 2971 3949 praesentis

540 3957 706 4021 vitae
764 3961 892 4035 est:
953 3963 1219 4028 alterum
1274 3964 1446 4029 vita
1504 3966 1875 4045 aeterna,
1937 3953 2099 4050 quod
2156 3967 2425 4035 futurae.
2519 3967 2681 4033 Vult
2726 3986 2777 4035 s.
2824 3984 2975 4050 apo-

543 4056 740 4120 stolus
785 4056 1018 4127 dicere:
1065 4063 1248 4130 Nunc
1293 4082 1432 4138 vero
1477 4065 1725 4131 liberati
1768 4084 1805 4131 a
1846 4068 2087 4150 peccati
2132 4069 2455 4147 servitute,
2518 4072 2583 4133 et
2626 4068 2798 4133 ser-vi
2842 4069 2975 4133 Deo

543 4154 715 4231 faofi,
778 4161 998 4243 capitis
1065 4184 1136 4230 ex
1199 4166 1315 4231 hac
1372 4168 1578 4230 vestra
1637 4167 1932 4233 servitute
1988 4168 2282 4249 fructum,
2343 4190 2513 4249 eum,
2576 4172 2651 4235 ut
2710 4169 2779 4235 in
2840 4170 2975 4235 dies

543 4254 744 4335 magis
807 4266 1127 4350 magisque
1211 4264 1700 4333 sanctificemini.
1811 4269 2193 4353 Praepositio
2262 4277 2346 4343 εἰς
2411 4271 2518 4337 hic
2588 4270 2828 4337 dicitnr
2897 4270 2974 4334 de

539 4350 848 4423 effectu
891 4364 993 4449 (cf.
1041 4387 1096 4434 v.
1145 4368 1293 4453 19.).
1342 4402 1406 4415 -—-
1463 4366 1725 4445 „Finem
1764 4388 1925 4449 vem,
1968 4370 2162 4437 vitam
2204 4372 2587 4453 antemnam&
2630 4372 2673 4437 i.
2722 4391 2780 4441 c.
2824 4371 2973 4437 finis
