3234 4992
508 196 630 263 162
1531 194 1645 247 σιμ.
1668 196 1747 238 11.
1768 204 1816 237 v.
1843 195 1909 237 ει.

713 380 789 446 V.
834 380 940 445 21.
985 378 1159 460 „Aut
1197 402 1320 446 non
1361 380 1538 447 habet
1585 388 1947 467 potestatem
1988 378 2225 465 fiqulws
2281 377 2417 459 luti,
2472 385 2543 442 ut
2598 400 2677 443 θαι
2732 377 2955 443 eadem

483 500 710 546 ‘massa
737 481 974 567 faciat.
1013 481 1272 546 alteo-mm
1331 482 1574 569 quidem
1615 506 1729 547 vas
1785 482 1875 547 ad
1934 481 2137 561 decus,
2192 480 2455 545 alterum
2510 502 2653 545 vcro
2714 480 2804 543 ad
2842 479 2951 544 dc-

505 582 769 648 decus?“
857 582 1210 649 Similitudo
1253 584 1408 649 haec
1470 602 1595 649 non
1640 588 1738 649 est
1780 584 1870 649 ita
1912 582 2337 666 intelligenda,
2386 600 2460 647 ac
2507 583 2563 646 si
2608 601 2656 647 s.
2704 582 2949 647 Paulus

507 687 724 751 docere
787 686 1012 765 vellet,
1097 688 1446 751 creaturam
1528 687 1896 753 rationalem
1963 703 2035 749 ac
2100 684 2364 749 liberam
2432 700 2513 747 eo
2580 684 2805 748 modo
2874 702 2948 747 se

503 786 732 853 habere
769 787 886 853 sub
927 787 1166 851 actione
1208 788 1573 870 gratiae,
1619 805 1739 870 quo
1782 788 2048 853 lutum
2088 785 2155 851 in
2192 802 2385 849 manu
2420 784 2619 868 figuli,
2641 784 2949 848 nimirum

499 908 723 954 mere
766 890 1147 973 passive;
1193 889 1323 969 sed,
1367 889 1529 954 sicut
1569 889 1778 954 lutum
1823 905 1946 953 non
1990 888 2201 971 potest
2244 885 2579 968 exigere
2624 904 2663 949 a
2702 884 2945 964 fictore,

500 991 574 1055 ut
615 991 824 1075 ipsum
869 990 1061 1056 faciat
1102 990 1611 1074 pretiosum,
1658 990 1723 1055 in
1781 1007 1968 1055 usum
2028 988 2512 1065 honestum,
2558 1003 2685 1051 non
2727 988 2947 1050 autem

497 1092 883 1175 relinquatur
923 1092 990 1157 in
1033 1092 1216 1170 vili,
1263 1091 1597 1156 sordido
1642 1110 1764 1156 usu
1806 1090 2025 1154 -ita
2068 1088 2264 1154 etiam
2308 1087 2499 1152 homo
2540 1090 2948 1170 peccator

497 1193 743 1257 nullum
795 1193 934 1276 jus
995 1192 1204 1271 habet,
1263 1192 1336 1256 ut
1389 1211 1500 1276 per
1554 1192 1673 1257 Dei
1729 1190 2198 1257 misericordem
2264 1191 2462 1253 artem
2522 1188 2945 1271 consequatur

497 1294 862 1377 gratiam
909 1294 1640 1378 supernaturalem
1680 1294 1743 1358 et
1780 1291 2176 1377 gloriam,
2220 1310 2345 1357 non
2367 1309 2512 1357 vero
2550 1291 2944 1373 relinquatur

500 1395 568 1459 in
613 1396 955 1478 peccato
1017 1398 1078 1459 et
1137 1398 1390 1478 propter
1451 1396 1782 1478 peccatum
1848 1394 2199 1459 destinetur
2255 1392 2334 1457 ad
2376 1409 2661 1475 poenam.
2752 1390 2938 1473 „Hic‚

499 1496 598 1560 uti
642 1495 980 1578 prudenter
1022 1495 1100 1560 ad
1141 1495 1308 1559 hunc
1364 1495 1570 1560 locum
1613 1494 1901 1560 observat
1944 1513 1993 1559 s.
2041 1492 2697 1578 Chrysostomus
2738 1492 2934 1575 (hom.

505 1596 606 1661 16.
654 1595 719 1660 in
764 1595 938 1679 epist.
987 1595 1066 1659 ad
1125 1594 1356 1680 Rom),
1414 1612 1540 1660 non
1581 1594 1937 1660 liberum
1996 1595 2447 1660 arbitrium
2502 1594 2755 1672 tollens,
2819 1592 2937 1657 hoc

511 1696 687 1775 dicit,
735 1696 843 1763 sed
901 1697 1255 1776 ostendens,
1315 1715 1354 1779 q
1375 1714 1729 1779 uousque
1774 1696 1905 1762 Deo
1964 1694 2520 1778 obtemperandum
2564 1694 2679 1759 est.
2772 1693 2937 1758 Nam

509 1797 588 1861 ad
635 1796 967 1881 exigendas
1011 1816 1050 1861 a
1091 1796 1224 1861 Deo
1269 1796 1542 1862 rationes
1581 1814 1704 1862 non
1747 1797 1951 1881 magis
1985 1814 2172 1880 quam
2216 1796 2423 1861 lutum
2465 1798 2759 1879 paratum
2803 1812 2937 1859 esse

501 1898 760 1982 oportet.
839 1896 984 1963 Non
1023 1898 1208 1963 modo
1246 1897 1413 1962 enim
1457 1897 2039 1963 contradicere
2080 1916 2204 1963 non
2246 1896 2506 1981 oportet,
2552 1914 2665 1961 nec
2708 1913 2857 1979 qua
2874 1914 2937 1959 e-

501 1998 814 2064 stiones
875 2016 1141 2077 movere‚
1206 1999 1318 2063 sed
1377 2002 1657 2064 tacere
1714 2001 1777 2063 et
1821 1998 2459 2083 obtemperare.“
2550 1998 2936 2082 Quapropter

506 2098 554 2165 C
576 2100 652 2165 al
670 2120 710 2166 v
730 2100 916 2166 inus
975 2100 1228 2183 ejusque
1303 2118 1598 2183 sequaces
1656 2100 1747 2183 (et
1804 2119 1877 2164 ex
1934 2098 2257 2165 catholicis
2318 2098 2764 2183 interpretibus
2823 2097 2931 2175 illi,

505 2200 613 2283 qui
657 2200 753 2265 ab
773 2218 802 2265 s
822 2217 858 2264 o
878 2198 1143 2266 lutam
1187 2200 1306 2265 Dei
1349 2200 1983 2285 praedestinationem
2027 2201 2106 2266 ad
2148 2200 2511 2283 gloriam
2550 2198 2933 2282 defendunt),

501 2318 832 2384 perperam
891 2320 964 2364 ex
998 2299 1224 2365 verbis
1283 2300 1470 2385 hujus
1529 2319 1748 2367 versus
1804 2301 2095 2385 colligere
2160 2302 2415 2379 volunt,
2483 2301 2708 2380 Deum,
2776 2300 2936 2365 sicut

506 2401 737 2485 figulus
775 2402 880 2485 jus
925 2404 989 2465 et
1031 2403 1412 2485 potestatem
1456 2401 1649 2467 habet
1692 2420 1764 2466 ex
1804 2402 1939 2467 luto
1974 2401 2245 2467 faciendi
2287 2419 2399 2486 pro
2442 2401 2699 2467 libito
2744 2400 2933 2484 quod-

512 2521 756 2586 cunque
811 2502 1092 2581 voluerit,
1154 2520 1336 2586 posse
1390 2520 1501 2587 pro
1559 2502 1744 2569 libito
1800 2503 2064 2568 alteram
2123 2506 2367 2585 partem
2426 2502 2754 2567 hominum
2800 2502 2931 2585 (seu

509 2602 753 2687 generis
795 2602 1082 2688 humani)
1126 2603 1586 2686 praedestinare
1632 2605 1711 2669 ad
1755 2603 1793 2667 d
1813 2622 1930 2669 am
1951 2604 2175 2670 natio
2193 2623 2240 2668 n
2260 2622 2293 2667 e
2311 2622 2409 2682 m,
2472 2604 2739 2668 alteram
2798 2618 2929 2667 vero

506 2704 585 2767 ad
627 2704 975 2787 gloriam
1020 2704 1128 2787 (ad
1170 2703 1543 2769 beatitatem
1587 2706 1969 2787 aeternam);
2029 2723 2197 2784 nam,
2257 2704 2351 2769 uti
2414 2722 2603 2788 supra
2648 2703 2929 2769 observa-

503 2805 730 2886 vimus,
793 2806 1135 2872 similitudo
1192 2806 1346 2871 haec
1402 2805 1581 2889 figuli
1642 2806 1931 2889 exprimit
1987 2806 2241 2889 quidem
2299 2806 2666 2872 immediate
2716 2805 2807 2871 ab
2826 2822 2929 2869 so-

508 2906 762 2974 lutam
820 2908 940 2973 Dei
1009 2910 1387 2992 potestatem
1451 2910 1514 2971 et
1572 2908 1882 2972 creaturae
1942 2906 2593 2990 subjectionem,
2652 2924 2762 2990 pro
2821 2923 2931 2989 qua

509 3012 822 3094 potestate
868 3009 1204 3093 (absoluta)
1249 3008 1420 3073 Deus
1483 3027 1576 3092 po
1597 3027 1627 3074 s
1652 3027 1681 3074 s
1702 3013 1781 3074 et
1844 3027 1953 3093 pro
1997 3008 2179 3075 libito
2221 3008 2384 3075 velle
2430 3012 2494 3073 et
2534 3008 2768 3087 facere;
2822 3009 2927 3085 ast,

507 3111 652 3195 quia
695 3110 864 3176 Deus
905 3128 1154 3193 semper
1214 3114 1310 3175 est
1372 3111 2009 3190 sanctissimuS‚
2070 3110 2769 3196 benignissimus,
2830 3127 2930 3175 sa-

504 3212 1087 3296 pientissimus
1149 3214 1212 3277 et
1259 3210 1839 3295 justissimuS,
1916 3211 2071 3277 haec
2148 3212 2283 3296 ejus
2352 3214 2630 3295 potestas
2698 3228 2931 3295 semper

507 3312 834 3396 conjuncta
894 3316 991 3378 est
1035 3331 1177 3377 cum
1237 3313 1737 3392 sanctitate,
1798 3313 2218 3391 bonitate,
2264 3312 2678 3397 sapientia
2723 3316 2789 3377 et
2823 3312 2929 3395 ju-

510 3412 789 3489 stitia;
847 3412 982 3477 ideo
1024 3412 1192 3477 haud
1233 3430 1510 3497 unquam
1567 3413 1717 3497 quid
1769 3413 1989 3493 faciet,
2058 3414 2223 3497 quod
2281 3416 2446 3479 esset
2504 3413 2930 3478 adversum

488 3512 652 3595 „ejus
714 3512 1068 3592 sanctitati,
1124 3514 1426 3592 bonitati,
1490 3514 1835 3597 sapientiae
1897 3516 1961 3579 et
2015 3514 2313 3599 justitiae.
2407 3513 2744 3580 Calvini
2804 3530 2931 3579 vero

511 3612 791 3677 doctrina
814 3612 1022 3677 obstat
1061 3615 1534 3695 sanctitati,
1581 3616 1952 3681 bonitati
1994 3620 2057 3681 et
2095 3616 2493 3699 justitiae
2538 3616 2693 3696 Dei3
2739 3614 2935 3700 prouti

513 3716 723 3781 stante
768 3714 1078 3780 sententia
1097 3715 1368 3795 illorum,
1413 3718 1518 3800 qui
1541 3717 1901 3783 absolutam
1923 3718 2551 3801 praedestinationem
2577 3718 2656 3783 ad
2681 3717 2934 3802 gloriam

511 3816 875 3894 defendunt,
924 3814 1202 3880 libera
1241 3816 1515 3884 hominis
1558 3818 1957 3884 voluutas
2000 3819 2171 3885 haud
2208 3820 2547 3885 consistere
2590 3820 2816 3903 potest.
2860 3852 2935 3864 —-

509 3920 704 3999 πηλοῦ
761 3916 1035 4002 pertinet
1093 3918 1174 3982 ad
1235 3935 1452 3983 vocem
1510 3917 1803 3999 ἐξουσίαν,
1862 3938 2041 4003 ergo:
2101 3920 2479 4004 potestatem
2538 3920 2661 3986 luti
2718 3940 2829 3987 seu
2878 3919 2936 3983 in

509 4020 733 4084 lutum.
787 4054 858 4065 -
927 4021 1012 4088 εἰς
1066 4016 1176 4100 τήν
1231 4020 1420 4101 τιμήν,
1486 4021 1582 4085 ad
1640 4022 1731 4085 de
1752 4039 1929 4100 cue,
1974 4020 2017 4087 i.
2078 4039 2131 4086 e.
2176 4021 2243 4086 in
2284 4040 2473 4087 usum
2515 4021 2933 4097 honorificum,

509 4120 881 4198 honestum3
925 4124 1009 4191 εἰς
1051 4117 1313 4203 ἀτιμίαν,
1371 4120 1471 4185 ad
1516 4120 1900 4200 dedecus,
1943 4122 1983 4187 i.
2033 4142 2085 4187 e.
2132 4121 2199 4186 in
2240 4141 2425 4188 usum
2468 4122 2662 4188 vilem
2706 4125 2772 4187 et
2812 4138 2935 4187 sor·

449 4287 454 4292 ,
513 4218 730 4285 didum
774 4220 1161 4306 (abjectum).
1213 4258 1289 4269 --
1349 4218 1598 4305 φύραμα
1640 4222 1707 4305 (a
1750 4220 1964 4305 φυράω
2008 4222 2258 4307 subigo)
2302 4224 2401 4289 est
2442 4242 2509 4289 m
2528 4241 2746 4305 assa,
2793 4238 2935 4305 quae

513 4318 857 4403 subigitur3
901 4320 960 4386 h.
1006 4322 1048 4387 l.
1097 4341 1310 4388 massa
1350 4323 1596 4388 lutea.
